2358 3874
1925 266 2103 318 XLIX

161 408 301 462 locis
341 407 608 460 dictorum
646 403 979 456 tributorum
1008 410 1122 452 tam
1158 408 1475 452 nostrorum
1510 416 1676 468 quam
1708 399 1940 452 aliorum
1972 420 2105 472 quo-

162 509 503 564 rumcunque
557 492 610 544 in
666 491 844 544 eundo
905 496 959 541 et
1010 489 1295 541 redeundo
1349 496 1516 557 atque
1567 490 1858 556 pausando
1913 499 2107 542 contra

161 584 450 636 libertates
510 594 702 632 eorum
754 576 960 630 nullum
1018 577 1307 639 tributum,
1364 574 1645 629 nullamve
1703 576 2107 630 tricesimarum

161 670 492 724 solutionem
531 676 722 737 petere
762 674 817 718 et
856 665 1085 736 exigere
1124 664 1349 733 petique
1391 672 1445 716 et
1488 664 1639 735 exigi
1677 662 1868 717 facere
1897 664 2107 735 aliqua-

162 769 326 811 tenus
364 754 761 826 praesumatis,
832 753 942 805 Ubi
980 760 1164 805 autem
1205 752 1479 822 quispiam
1532 770 1601 803 ex
1639 753 1798 805 vobis
1849 770 2015 805 secus
2052 753 2107 805 in

160 844 487 915 praemissis
513 841 701 894 facere
728 840 1105 904 attentaverit,
1146 848 1348 892 extunc
1382 840 1525 892 serie
1552 841 1926 909 praesentium
1961 858 2108 894 com-

161 933 399 985 mitimus
443 929 727 982 Fidelibus
776 927 983 980 nostris
1025 926 1330 980 Comitibus
1384 927 1476 980 vel
1515 927 1654 980 Vice
1692 927 2000 982 Comitibus
2054 939 2109 982 et

161 1020 444 1072 Judicibus
480 1016 758 1070 Nobilium
795 1015 1015 1068 illorum
1055 1012 1460 1078 comitatuum,
1513 1016 1566 1067 in
1621 1016 1818 1085 quibus
1871 1015 2108 1070 forsitan

161 1106 478 1176 hujusmodi
515 1106 777 1157 mandata
814 1113 1009 1155 nostra
1047 1119 1159 1155 non
1198 1103 1652 1166 observarentur,
1689 1112 1751 1155 ut
1786 1104 1926 1173 ipsis

161 1195 302 1248 scita
329 1194 485 1263 prius
510 1192 948 1262 praemissorum
970 1190 1206 1243 veritate
1240 1207 1394 1242 mera
1413 1227 1456 1242 ..
1475 1228 1487 1241 .
1509 1190 1716 1243 Vobis.
1739 1227 1754 1244 .
1778 1229 1793 1244 .
1815 1192 2110 1262 quemlibet

167 1281 435 1334 Vestrum
475 1282 545 1333 ad
584 1279 902 1349 praemissa
941 1279 1296 1331 observanda
1336 1296 1446 1330 non
1495 1279 1614 1331 sine
1653 1281 1859 1332 vestris
1898 1283 2113 1335 damnis

166 1379 221 1422 et
258 1368 676 1440 gravaminibus
715 1369 770 1420 in
810 1367 1015 1420 talibus
1054 1365 1175 1418 fieri
1213 1366 1390 1419 solitis
1430 1367 1640 1419 arctius
1679 1368 2016 1437 compellant
2056 1381 2110 1421 et

168 1458 538 1527 adstringant.
607 1456 957 1509 Auctoritate
1009 1465 1204 1507 nostra
1253 1456 1649 1523 praesentibus
1699 1457 1838 1524 ipsi,
1894 1457 1947 1509 in
2003 1457 2110 1509 hac

166 1553 327 1613 parte
367 1543 608 1596 atributa
649 1552 704 1595 et
733 1545 953 1612 justitia
992 1544 1284 1595 mediante.
1328 1541 1507 1595 Secus
1544 1544 1716 1613 igitur
1752 1562 1862 1596 non
1890 1543 2111 1599 facturi.

169 1632 455 1684 praesent.
494 1630 758 1700 perlectis
799 1629 1079 1682 exhibenti
1130 1630 1419 1681 restitutis,
1468 1630 1675 1682 Datum
1723 1631 1915 1684 Budae
1972 1631 2113 1686 feria

167 1718 262 1770 5-a
302 1735 467 1787 prOX.
516 1727 644 1786 post
683 1716 885 1771 festum
934 1719 989 1769 b.
1033 1715 1266 1788 Georgii
1305 1716 1572 1786 Martyris
1610 1717 1680 1769 A.
1721 1718 1942 1771 Domini
1975 1720 2110 1773 Mill.

168 1805 466 1877 Quingent.
519 1806 734 1859 decimo
773 1805 1041 1874 septim03
1080 1823 1381 1876 regnorum
1420 1814 1736 1859 nostrorum
1775 1807 2116 1876 praedicton

170 1911 315 1947 anno
356 1895 620 1947 secundo.

1030 2267 1261 2340 xm.
1319 2220 1322 2223 ’

170 2433 416 2496 Literae
454 2430 646 2517 Regis
690 2432 959 2518 ejusdem
1014 2432 1089 2495 de
1127 2456 1176 2494 a.
1214 2438 1410 2508 1524,
1454 2430 1668 2518 quibus
1715 2456 1959 2498 censum
2005 2459 2112 2522 per

307 2547 559 2632 populos
609 2547 942 2610 Districtus
991 2548 1162 2611 Gelle
1225 2548 1544 2632 quotannis
1594 2545 1970 2634 pendendum

947 2674 1240 2749 temperat
1275 2671 1339 2740 ¹).

318 2831 436 2885 Nos
480 2831 798 2887 Ludovicus
847 2834 919 2887 D.
972 2853 1031 2906 g.
1087 2834 1211 2887 Rex
1264 2833 1586 2904 Hungariae
1639 2843 1747 2887 etc.
1807 2833 2107 2887 memoriae

171 2921 560 2973 comendamus
611 2931 803 2975 tenore
842 2924 1218 2991 praesentium
1259 2921 1640 2993 significantes
1692 2923 1890 2992 quibus
1938 2941 2108 2991 expe-

171 3005 247 3056 dit
285 3006 772 3077 universiffirquod
820 3028 924 3063 nos
962 3009 1217 3063 volentes
1255 3010 1642 3062 instaurationi
1685 3009 1890 3078 Oppidi
1930 3011 2104 3062 nostri

174 3092 340 3145 Gella
365 3094 549 3146 vocati
589 3110 657 3146 ac
685 3099 1212 3165 appertinentiarum
1251 3099 1500 3168 ejusdem
1539 3099 1608 3150 ad
1644 3096 1954 3148 Castrum
1993 3114 2106 3148 no-

174 3189 382 3232 strum
440 3180 680 3234 Poson.
734 3184 1224 3251 pertinentium
1285 3184 1614 3247 consulere,
1672 3200 1780 3252 quo
1831 3181 1996 3236 Cives
2052 3194 2107 3237 et

335 3476 373 3537 ¹)
404 3476 495 3522 Hae
523 3479 792 3539 prioresque
829 3481 961 3527 binae
1000 3482 1179 3535 literae,
1231 3496 1283 3527 ex
1311 3482 1455 3527 Causa
1482 3483 1536 3528 ad
1577 3483 1915 3530 renovationem
1943 3481 2103 3529 horum

175 3549 510 3608 privilegiorum
540 3553 754 3599 suscitata
783 3561 1060 3600 transumtae
1088 3563 1208 3601 sunt.

248 3636 459 3683 RARTAL
489 3639 536 3683 T.
555 3640 607 3684 11.
1721 3633 1759 3680 D
