2358 3874
297 203 375 258 72

295 355 434 404 tum.
477 341 880 416 simultatum,
933 362 1081 424 quae
1135 337 1441 423 Stephano
1494 363 1625 401 cum
1674 343 1845 404 Duce
1889 340 2211 408 Bohemiae

292 426 575 489 Ladislao
611 426 874 500 fuerant,
916 447 1094 486 causa
1133 424 1379 499 incerta,
1421 423 1618 486 fautor
1665 438 1895 489 certus:
1939 427 2210 491 Solthius

293 514 509 575 Comes
543 509 860 598 peregrino
898 521 1073 571 natus
1118 530 1368 594 genere,
1413 509 1511 593 qui
1556 511 1774 573 mutuis
1813 515 2040 598 Regem
2083 517 2210 577 Du-

294 620 536 682 cemque
571 593 1006 681 suspicionibus
1038 594 1399 681 impleverat.
1435 597 1515 656 Et
1544 593 1696 656 hanc
1721 608 1917 664 tamen
1942 611 2002 661 et
2033 599 2210 663 aliam

293 705 424 744 cum
461 681 764 768 Leopoldo
827 679 1112 756 AustriO,
1172 702 1353 741 causa
1404 679 1687 757 limitum,
1747 688 2210 746 controversiam

293 767 495 852 aequis
541 766 731 851 pactis
770 764 1126 851 composuit,
1175 777 1235 827 et
1278 762 1392 827 fide
1434 765 1874 852 Spalatensium
1914 769 2209 854 Traguri-

292 875 616 936 norumque
644 875 795 914 novo
816 850 1153 937 Diplomate
1185 850 1298 915 sibi
1330 849 1617 928 devincta,
1649 864 1813 916 totus
1834 856 1964 938 jam
1995 853 2055 916 in
2081 878 2210 919 eam

291 937 557 999 incubuit
599 958 825 1012 curam,
886 948 952 998 ut
1005 935 1160 1022 quod
1202 948 1381 1023 ⁴pater
1427 936 1696 998 ultimum
1742 937 2058 1023 jussisset,
2114 963 2209 1005 ac-

292 1034 519 1108 ceptam
558 1045 664 1109 per
698 1020 854 1083 hune
893 1045 927 1087 a
963 1021 1179 1087 Russis
1218 1020 1442 1088 cladem
1478 1021 1878 1086 ulcisceretur.

1176 1311 1316 1386 §a

290 1461 530 1510 Cladem
575 1476 679 1525 per
726 1461 1157 1514 Colomannum
1198 1479 1225 1511 a
1255 1462 1464 1512 Russis
1510 1471 1811 1528 acceptam
1859 1464 2099 1516 ulturus
2145 1467 2205 1516 in

288 1547 396 1596 hos
442 1545 649 1607 movit,
716 1547 816 1596 sed
869 1563 970 1612 spe
1024 1563 1127 1596 sua
1179 1563 1286 1612 per
1339 1564 1622 1598 summam
1672 1549 1921 1599 Cosmae
1976 1551 2043 1600 de
2098 1566 2206 1616 ge-

510 1645 649 1681 nere
693 1631 928 1682 Paznan
974 1632 1345 1698 aliorumque
1391 1634 1708 1698 perfidiam
1755 1635 2005 1698 excidit3

459 1791 672 1878 Specie
712 1790 900 1877 igitur
922 1792 1188 1855 Jaroslai
1218 1793 1278 1854 in
1307 1792 1743 1870 Lodomeriam,
1781 1797 1948 1881 cujus
1985 1793 2204 1860 ditione
2254 1823 2256 1825 ·

284 1900 389 1963 per
428 1876 775 1941 Ladislaum
814 1879 1044 1941 Ducem
1072 1877 1481 1942 Kiowiensem
1541 1878 1890 1943 deturbatus
1928 1892 2049 1958 est,
2111 1903 2204 1944 re-

287 1962 592 2040 stituendi,
632 1986 681 2025 a.
708 1969 873 2027 1127
901 1963 962 2024 in
992 1964 1271 2027 Russiam
1305 1964 1502 2029 movit.
1548 1962 1672 2028 Sed
1707 1965 1863 2029 bello
1898 1965 2010 2030 hoc
2036 1967 2204 2054 Opti-

284 2060 474 2111 mates
511 2071 619 2134 per
654 2048 853 2111 scelus
889 2071 956 2111 se
996 2072 1030 2110 a
1066 2049 1180 2112 fide
1217 2048 1607 2114 abduxerunt.
1651 2053 1982 2116 Auctorem
2025 2075 2203 2115 anna-

287 2133 393 2196 les'
411 2133 589 2220 patrii
616 2136 892 2197 Cosmam
929 2133 999 2196 de
1029 2157 1251 2220 genere
1277 2134 1544 2199 Paznani
1573 2135 1791 2213 serunt,
1820 2136 1919 2223 qui
1950 2131 2202 2224 Regem,

284 2231 350 2281 ut
394 2219 621 2296 omnia,
674 2218 759 2281 ita
794 2219 1011 2281 bellum
1046 2220 1105 2284 id
1149 2220 1373 2307 absque
1413 2220 1657 2284 consilio
1702 2246 1946 2288 suorum
1995 2246 2202 2287 susce-

282 2303 444 2390 pisse
483 2317 796 2382 causatus,
850 2304 1079 2383 sociOS,
1122 2305 1182 2368 hi
1228 2306 1436 2371 deinde
1475 2305 1691 2370 milites
1732 2307 1801 2370 ad
1860 2307 2200 2372 solvendam

286 2389 594 2458 obsidione
614 2390 913 2456 Kiowiam
941 2391 1414 2479 repetendosque
1433 2395 1650 2469 LareS,
1674 2416 1997 2480 regemque
2023 2394 2202 2457 alium

283 2475 620 2561 eligendum
649 2477 986 2542 incitarunt.
1005 2481 1097 2542 Ex
1130 2477 1331 2540 eadem
1357 2478 1544 2564 igitur
1562 2491 1744 2562 gente
1764 2482 2200 2556 Paznanorum‚

282 2584 455 2647 quam
487 2585 670 2648 penes
708 2585 936 2624 summa
966 2567 1320 2650 praecipuae
1351 2565 1414 2625 in
1440 2562 1807 2651 Stephanum
1835 2569 1881 2626 Ι.
1912 2563 2048 2629 fidei
2071 2566 2198 2651 glo-

279 2646 396 2723 ria,
440 2646 595 2709 haud
632 2648 813 2710 multo
850 2661 985 2735 post
1019 2652 1360 2712 teterrimae
1396 2649 1453 2711 in
1498 2650 1865 2736 Stephanum
1906 2654 1983 2713 11.
2017 2650 2199 2714 nomi-

279 2735 491 2818 nisque
540 2732 852 2820 hungarici
914 2733 1410 2798 existimationem
1464 2737 1745 2822 perfidiae
1819 2744 1993 2822 caput
2072 2736 2197 2799 fuit.

278 2819 489 2881 Verba
512 2816 684 2904 huJus
713 2818 783 2885 ad
805 2818 1198 2906 Stephanum:
1219 2822 1490 2897 Domine,
1512 2820 1646 2907 quid
1678 2833 1790 2897 est,
1824 2819 1976 2906 quod
2005 2820 2197 2883 facis?

280 2902 332 2963 si
363 2926 494 2965 cum
526 2904 706 2967 multa
742 2916 929 2970 morte
955 2905 1204 2971 militum
1239 2918 1474 2970 tuorum
1506 2919 1768 2969 castrum
1805 2907 1987 2993 capis,
2023 2930 2194 2992 quem

278 2991 509 3052 Ducem
542 2989 908 3052 constitues?
946 2989 1019 3052 ad
1055 2991 1311 3076 speciem
1346 2991 1749 3076 providentiae
1787 2991 2091 3068 adornata,
2135 2993 2196 3071 in

276 3097 343 3137 re
379 3074 527 3161 ipsa,
564 3087 624 3138 et
664 3073 835 3150 haec,
886 3087 945 3137 et
971 3098 1119 3160 quae
1157 3074 1252 3137 his
1297 3076 1579 3162 subjecit:
1617 3078 1668 3139 si
1700 3076 1857 3140 inter
1889 3078 2189 3164 princiPes

276 3172 415 3223 tuos
452 3160 647 3246 eligis,
683 3160 880 3223 nullus
910 3173 1191 3238 remanet,
1211 3160 1477 3247 ignotam
1509 3161 1698 3226 adhuc
1717 3163 1978 3226 moribus
2045 3163 2193 3226 hun-

276 3251 442 3331 garis
491 3246 825 3310 vecordiam
880 3243 1178 3309 hominum
1227 3247 1599 3333 significant,
1659 3248 1854 3336 quiin
1900 3249 2192 3337 publicum

276 3355 536 3417 segnes,
585 3331 856 3423 privatim
903 3331 1056 3396 omni
1106 3355 1323 3418 pravae
1360 3333 1687 3399 industriae
1717 3358 1940 3421 genere
1971 3359 2191 3421 graves

276 3429 429 3483 sunt
