2358 3874
298 203 422 263 198

298 339 639 403 inimicitias
691 340 950 412 ¹verituS,
1005 356 1114 395 nec
1157 331 1307 394 alios
1363 331 1687 396 dominatui
1729 334 1890 398 sedis
1934 338 2237 399 Romanae

300 424 523 511 potius»,
554 445 730 509 quam
760 420 1029 505 legitimo
1059 416 1217 502 Regi
1247 415 1388 479 huic
1418 417 1711 481 inservire
1740 443 1961 506 passus
1992 431 2089 483 est
2111 426 2176 499 ι).

297 607 322 617 .-

485 734 529 796 1)
559 735 616 784 In
646 734 800 784 literis
832 735 892 783 de
925 750 968 783 a.
1009 730 1164 782 1291
1204 733 1304 795 (VI.
1345 731 1397 783 1.
1433 748 1483 798 p.
1516 730 1621 795 90)
1655 733 1833 798 quibus
1863 733 1908 782 ei
1938 733 2045 783 villa
2074 733 2243 783 Mocsa

303 836 394 885 per
422 819 636 885 populos
666 819 866 883 reginae
898 818 1217 868 exercituales
1249 824 1298 868 et
1327 817 1601 867 Bucharios
1633 817 1848 868 habitata
1876 817 2148 878 confertur,
2167 816 2241 867 ‘de

305 904 411 969 ejus
441 904 491 954 in
524 903 706 968 Regem
738 908 850 952 ante
883 911 931 952 et
960 909 1076 967 post
1107 902 1478 952 coronationem
1512 902 1686 953 officiis
1717 903 1876 968 plura.

1173 1179 1216 1253 §
1265 1182 1364 1237 24.

306 1330 657 1381 Proditione
704 1330 943 1395 quidem
990 1329 1291 1394 Gregorii,
1343 1345 1513 1394 quem
1558 1330 1666 1379 ille
1710 1331 1767 1380 in
1814 1331 1956 1380 sede
2002 1329 2249 1395 Strigo-

726 1414 925 1464 niensi
972 1429 1395 1465 successorem
1439 1420 1657 1465 nactus
1703 1420 1820 1474 est,
2004 1412 2006 1414 ’

480 1575 571 1634 At
600 1595 743 1635 vero
773 1570 933 1634 hunc
964 1595 1198 1658 quoque
1229 1595 1280 1634 a.
1314 1578 1482 1655 1298
1514 1595 1675 1634 mors
1707 1572 1983 1634 humanis
2016 1571 2250 1644 exemit.

310 1656 650 1740 Collegium
702 1669 898 1719 autem
929 1656 1326 1720 Sacerdotum
1382 1656 1806 1741 Strigoniense
1827 1705 1842 1733 ,
1906 1668 1974 1718 ut
2023 1667 2251 1718 tantam

297 1743 600 1826 jacturam
631 1741 1061 1827 quamprimum
1093 1753 1430 1826 repararet,
1474 1763 1891 1804 successorem
1927 1739 1981 1803 ei
2007 1743 2251 1826 Grego-

306 1824 463 1887 rium
493 1826 700 1909 Cseny
732 1824 804 1887 de
835 1847 1061 1910 genere
1091 1827 1258 1887 Katu
1305 1827 1445 1910 any,
1476 1826 1899 1912 Praepositum
1921 1824 2254 1889 Albensem

310 1921 372 1971 et
399 1909 1003 1973 Vice-Cancellarum
1032 1913 1224 1994 Regis
1258 1847 1500 1996 delegit,
1534 1908 1846 1997 hucusque
1881 1910 2162 1997 probum,
2196 1921 2257 1972 et

309 2005 515 2057 tantae
538 1993 623 2055 illi
649 1994 777 2080 spei
807 2017 1040 2080 parem,
1074 1994 1181 2057 sed
1213 1995 1312 2080 qui
1346 1995 1522 2057 simul
1545 1994 1872 2092 principem
1899 2018 2028 2059 eam
2053 1994 2256 2059 sedem

312 2078 514 2156 adivit,
548 2078 724 2140 simul
755 2078 897 2141 boni
929 2079 1076 2141 civis
1142 2089 1479 2159 ersonaml]
1519 2079 1812 2166 deposuit,
1845 2092 1906 2142 et
1927 2092 2050 2143 tam
2073 2080 2258 2163 longe

313 2162 390 2225 ab
421 2162 691 2226 moribus
722 2163 1069 2227 Lodomerii
1099 2102 1412 2240 discessit,
1453 2176 1520 2226 ut
1552 2186 1702 2250 quos
1740 2164 1841 2227 ille
1871 2167 1960 2228 Re
2011 2164 2028 2225 i
2058 2163 2256 2250 legiti-

310 2270 407 2309 mo
436 2247 730 2326 infideleS,
754 2261 1055 2334 tamquam
1079 2247 1290 2312 hostes
1308 2249 1558 2336 patriae,
1577 2248 1769 2311 sacris
1798 2188 2128 2327 interdixit,
2161 2271 2258 2312 eo-

311 2355 447 2394 rum
475 2331 574 2394 hic
605 2345 772 2396 esset
802 2333 1304 2397 studiosissimus
1333 2337 1547 2420 ltaque
1569 2333 1812 2412 factum,
1842 2346 1911 2397 ut
1930 2337 2260 2397 Procerum

315 2415 418 2479 alii
446 2417 796 2495 pontificis,
850 2417 971 2495 alii,
1020 2417 1175 2504 quod
1208 2418 1403 2481 officia
1444 2441 1555 2481 sua
1583 2417 1870 2483 Andreae
1917 2417 2261 2482 necessaria

313 2501 758 2586 intelligerent,
800 2500 978 2588 hujus
1017 2502 1142 2564 nixi
1173 2501 1423 2581 fiducia,
1473 2502 1770 2588 reliqUOS‚
1819 2526 2014 2591 neque
2061 2503 2259 2566 minus

317 2608 460 2664 eOS,
511 2609 763 2672 quorum
804 2586 866 2648 in
903 2609 1151 2651 numero
1200 2588 1440 2651 fuerant
1484 2599 1699 2667 antea,
1744 2611 1920 2675 quam
1966 2587 2260 2652 adversus

318 2693 468 2755 quos
498 2671 865 2749 ferebantur,
901 2671 1059 2734 omni
1088 2671 1365 2736 licentiae
1396 2696 1654 2759 genere,
1703 2685 2008 2759 tamquam
2046 2696 2116 2736 re
2153 2695 2261 2759 pu-

316 2754 473 2817 blica
501 2777 709 2834 vacua,
740 2769 1081 2843 premerent
1111 2757 1491 2843 gravissime.
1522 2757 1624 2821 Ad
1646 2757 1794 2820 haec
1822 2756 2078 2820 invidiae
2103 2755 2262 2842 Regi

316 2838 556 2904 fuerant
602 2840 1003 2926 alienigenae,
1037 2865 1187 2928 quos
1219 2865 1375 2905 nova
1404 2865 1558 2905 uxor
1583 2841 1791 2906 vAulae
1822 2847 1988 2919 suae,
2013 2840 2262 2904 castris-

319 2946 432 3009 que
465 2923 526 2985 in
557 2925 755 2988 dotem
786 2925 1048 3012 acceptis
1072 2927 1394 3014 praefecit,
1436 2927 1684 2989 munere
1728 2950 1838 2990 suo
1882 2924 1954 2988 ad
1987 2925 2263 3012 quodque

318 3008 488 3070 nefas
522 3009 612 3071 sic
642 3008 815 3071 abusi
845 3009 1283 3097 impunissime,
1317 3023 1383 3074 ut
1412 3014 1546 3075 Rex
1573 3013 1839 3075 Decreto
1871 3009 2263 3075 Comitiorum

321 3116 371 3155 a.
405 3100 573 3171 1298
604 3094 976 3182 tepiditatem
1008 3093 1190 3180 objici
1221 3095 1337 3159 sibi
1368 3118 1558 3182 aequo
1590 3095 1784 3161 animo
1814 3107 2138 3183 pateretur.

504 3383 546 3442 ¹)
577 3382 773 3434 Fessler
802 3385 834 3433 1.
870 3399 915 3434 c.
948 3391 984 3434 t.
1022 3381 1077 3434 3.
1113 3403 1162 3453 p.
1200 3382 1339 3436 865.
