2358 3874
240 209 362 264 14&

239 368 369 407 rum
397 351 448 425 2)
497 344 779 428 frequens
824 342 1033 404 dehinc
1080 343 1138 401 in
1176 341 1616 426 Diplomatibus
1661 342 1886 404 ocurrit
1934 341 2176 418 mentio,

241 428 502 514 nihilque
535 428 750 502 abnuo,
784 426 1099 487 nonnullas
1122 425 1306 486 Belae
1339 423 1691 488 donationes
1721 425 1795 487 ad
1826 426 2060 489 modum
2079 429 2178 511 ju-

238 513 325 576 ris
371 511 658 576 teutonici
693 517 744 588 3)
807 521 1220 595 comparatas3
1289 507 1438 569 alias
1488 532 1629 571 vero
1682 534 1821 574 esse
1865 511 2175 596 ejusmodi,

240 797 418 846 habere
450 795 671 854 volucrit,
707 795 952 844 deservire
983 800 1247 844 teneantur
1275 795 1324 845 in
1358 810 1542 845 censu
1583 810 1766 845 annuo.
1822 794 2008 845 Ibidem
2040 803 2175 846 tomo

241 881 364 930 VIII.
398 896 442 927 v.
481 875 535 928 3.
564 893 621 942 p.
661 875 777 927 563
819 878 1088 928 nonnullae
1128 885 1370 929 terrarum
1404 880 1672 944 particulae
1715 886 1763 929 et
1792 895 1922 930 unus
1952 896 2098 931 mons
2128 881 2178 930 in

239 963 487 1014 territorio
518 962 853 1027 possessionis
882 964 1072 1013 Jaszow
1100 979 1192 1028 pro
1225 964 1419 1018 duobus
1451 965 1744 1015 staminibus
1775 964 1870 1014 albi
1901 965 2052 1029 panni
2081 981 2179 1030 po-

239 1047 460 1099 lonicalis
491 1053 541 1096 et
569 1062 659 1112 pro
694 1043 812 1096 300
848 1047 1040 1097 cubulis
1090 1048 1189 1097 vini
1227 1048 1490 1110 BudensiS‚
1532 1064 1698 1099 more
1744 1049 2040 1113 praediali
2087 1049 2179 1099 vel

242 1132 464 1182 feudali
497 1137 739 1196 perpetuo
769 1132 1102 1196 possidendus
1135 1138 1184 1181 et
1213 1133 1427 1182 utendus
1459 1134 1770 1183 conducitur.
1814 1133 2002 1183 Ibidem
2032 1139 2070 1184 t.
2092 1134 2176 1183 IX.

240 1235 285 1267 ν.
331 1215 387 1265 2.
428 1231 479 1280 p.
516 1213 636 1264 268
686 1216 746 1264 de
787 1231 831 1264 a.
879 1212 1038 1265 1353
1090 1231 1181 1280 pro
1228 1217 1622 1281 possessionaria
1670 1219 1899 1282 portione
1926 1203 2180 1268 ⁹Ghilermi

240 1301 515 1351 Cardinalis
571 1300 703 1364 apud
753 1314 1074 1364 possessores
1130 1300 1309 1350 titulo
1355 1301 1580 1351 feudali
1625 1303 1930 1352 existente
1989 1300 2073 1353 60
2123 1303 2176 1352 fl.

243 1386 576 1436 solvuntur.
656 1383 844 1433 Ibidem
882 1400 933 1449 p.
979 1381 1098 1434 582
1140 1385 1200 1434 de
1240 1401 1285 1435 a.
1333 1382 1514 1436 1357.
1568 1386 1709 1436 Prior
1739 1387 2094 1437 cruciferorum
2134 1403 2176 1437 S.

240 1470 383 1520 Joan.
418 1469 565 1533 Hyer.
608 1469 853 1533 queritur,
895 1484 1041 1533 quam
1074 1469 1316 1534 plurimos
1346 1470 1546 1520 Nobiles
1579 1477 1628 1520 et
1657 1472 1857 1521 alterius
1897 1478 2054 1522 status
2082 1472 2182 1522 ho-

243 1554 428 1612 mineS‚
479 1553 677 1617 praedia
725 1559 774 1602 et
815 1554 1163 1617 possessiones
1210 1555 1391 1604 titulo
1437 1555 1666 1604 feudali
1719 1562 1947 1605 tenentes
2003 1562 2181 1620 pacta

245 1637 491 1688 servitia
538 1644 586 1686 et
631 1637 972 1687 solutiones
1017 1653 1119 1687 non
1162 1638 1449 1701 observare3
1492 1639 1595 1689 Rex
1631 1655 1746 1689 vero
1795 1655 1908 1689 cum
1946 1640 2180 1690 Praelatis

246 1730 294 1772 et
323 1722 599 1771 Baronibus
632 1723 873 1771 decernit:
914 1737 1023 1783 eaS‚
1058 1723 1174 1771 dum
1209 1729 1256 1772 et
1288 1723 1484 1788 quando
1517 1725 1819 1774 monasterio
1850 1724 1919 1774 illi
1950 1725 2181 1790 expedire

244 1805 502 1866 videbitur,
537 1806 732 1855 aufferri
763 1806 822 1855 ab
854 1806 913 1854 iis
945 1821 1114 1870 posse.
1163 1807 1220 1855 In
1252 1807 1387 1856 hunc
1419 1823 1623 1858 sensum
1655 1815 1927 1859 conventus
1957 1825 2093 1860 mon.
2126 1809 2178 1860 b.

245 1890 439 1939 Adriani
471 1890 530 1939 de
561 1890 721 1939 insula
752 1890 1023 1940 Zaladiensi
1055 1898 1262 1942 testatur
1289 1892 1445 1942 literis
1477 1894 1537 1942 de
1561 1909 1606 1943 a.
1634 1888 1814 1956 1428,
1844 1895 1982 1959 quod
2013 1894 2182 1945 relicta

245 1975 483 2038 Stephani
514 1975 599 2024 filii
629 1975 752 2023 Bani
785 1975 846 2024 de
863 1975 977 2024 Also
997 1975 1185 2026 Lindua
1218 1977 1340 2026 duas
1371 1993 1564 2028 marcas
1597 1979 1911 2030 denariorum
1941 1994 2183 2030 novorum

243 2074 395 2108 unum
428 2059 689 2122 pelliceum
718 2058 924 2120 bonum,
960 2054 999 2108 4
1030 2075 1212 2125 porcos
1241 2076 1407 2111 verres
1441 2069 1490 2112 et
1522 2058 1605 2112 24
1634 2079 1816 2113 aeones
1845 2064 2041 2129 frugum
2082 2079 2184 2113 ra-

247 2143 408 2192 tione
441 2144 664 2193 feudae.
686 2144 963 2194 annualis
1002 2146 1389 2195 conservationis
1421 2153 1581 2197 terrae
1611 2148 1905 2198 Istvanfolde
1938 2163 2182 2199 censum

246 2228 352 2277 scil.
386 2229 687 2278 monasterio
720 2245 762 2278 s.
799 2229 972 2279 Crucis
1005 2229 1064 2279 de
1091 2229 1228 2295 juxta
1259 2230 1395 2281 Mura
1426 2232 1475 2281 in
1508 2233 1633 2283 festo
1663 2232 1713 2282 h.
1747 2232 1941 2283 Martini
1971 2232 2185 2298 persolvi

249 2312 528 2363 debendum
560 2313 867 2378 persolverit.

422 2441 468 2499 2)
499 2440 616 2489 Vide
651 2441 773 2490 Cod.
816 2442 873 2490 D.
909 2442 967 2491 T.
1011 2443 1096 2491 ΠΙ.
1140 2459 1184 2491 v.
1225 2440 1278 2492 1.
1325 2444 1384 2493 de
1423 2460 1467 2494 a.
1509 2440 1694 2507 1214,
1758 2461 1783 2495 a
1830 2438 2185 2511 Jobagionibus

243 2523 574 2573 Mosoniensis
607 2525 772 2586 castri,
805 2526 855 2574 in
886 2526 992 2576 villa
1016 2527 1171 2577 Nulos
1193 2528 1315 2577 XIV.
1349 2529 1479 2578 loca
1512 2530 1843 2598 curiarum,
1879 2531 2011 2595 quod
2042 2531 2185 2595 vulgo

244 2608 484 2657 Lechun
531 2609 724 2659 dicitur.
767 2610 890 2660 VIII.
925 2627 969 2660 v.
1005 2606 1062 2660 4.
1097 2628 1147 2676 p.
1186 2610 1306 2662 226
1339 2613 1456 2663 item
1496 2631 1548 2679 p.
1586 2609 1706 2665 347
1755 2603 1975 2665 fundos
2022 2615 2187 2665 inte-

245 2707 383 2756 gros
431 2693 733 2743 curiarum
779 2695 922 2760 vulgo
953 2695 1129 2746 Lehun
1167 2697 1449 2748 nominatos
1479 2699 1530 2760 in
1563 2700 1811 2750 Comitatu
1843 2699 2185 2764 Sopronieusi,

243 2777 360 2825 item
391 2777 554 2826 fundis
586 2779 790 2843 integris
817 2780 1074 2830 Curiarum
1105 2781 1250 2845 vulgo
1271 2781 1439 2831 Lehen
1473 2790 1567 2833 etc.
1602 2784 1770 2832 Lehen
1801 2799 1827 2832 a
1858 2776 1998 2832 lanea
2027 2783 2185 2848 probe

244 2860 645 2922 discernendum,
681 2864 810 2927 quod
843 2865 965 2914 haec
995 2881 1228 2915 mensura
1253 2866 1400 2915 fuerit
1417 2867 1519 2931 agri
1549 2865 1623 2916 12
1646 2867 1804 2931 virgas
1824 2867 2183 2931 complectenS‚

245 2959 451 3007 quarum
484 2961 706 3011 quaeque
739 2949 953 2998 sedecim
993 2949 1134 2999 ulnas
1179 2957 1227 2998 et
1255 2951 1473 3014 palmum
1508 2951 1800 3000 numerabat
1829 2951 1962 3017 apud
1993 2941 2190 3017 Scepuss·

242 3028 460 3090 sienses;
493 3029 557 3077 ibi
591 3037 806 3080 aratrum
846 3030 962 3082 120
992 3033 1166 3098 jugera
1206 3049 1438 3097 agrorum
1472 3035 1775 3100 significasse
1806 3035 1913 3086 vide
1945 3036 2013 3086 sis
2045 3035 2184 3102 Supl.

239 3112 298 3160 ad
333 3113 458 3161 Ann.
494 3113 703 3178 Scepus.
740 3131 790 3179 p.
834 3111 970 3178 140,
1012 3111 1148 3166 141.

419 3228 465 3287 3)
496 3227 628 3277 Juris
662 3231 904 3280 teutonici
935 3232 1160 3281 meminit
1192 3232 1446 3284 Ladislaus
1479 3235 1555 3285 IV.
1592 3236 1640 3285 in
1672 3236 1826 3286 literis
1859 3237 1919 3286 de
1950 3251 1994 3286 a.
2023 3219 2185 3286 1278

241 3310 361 3364 (Vll.
398 3327 441 3359 v.
480 3310 534 3359 2.
573 3328 622 3376 p.
662 3310 766 3375 65)
800 3316 977 3379 quibus
1014 3317 1143 3366 bona
1176 3318 1417 3382 quaedam
1451 3335 1537 3370 seu
1569 3321 1777 3381 redituS‚
1816 3335 1940 3386 quae
1961 3320 2186 3370 Detricus

239 3393 296 3440 dc
319 3394 515 3445 Itohrau
543 3411 599 3445 ex
621 3401 947 3450 concessione
978 3402 1160 3467 regalis
1194 3418 1311 3452 suae
1343 3404 1523 3468 gratiae
1554 3405 1610 3454 in
1650 3421 1816 3456 usum
1849 3420 1876 3455 a
1908 3420 1961 3455 se
1993 3404 2188 3454 detine-

239 3475 335 3534 bat,
372 3494 493 3540 quae
527 3488 640 3543 post
676 3490 885 3534 mortem
919 3485 1025 3550 ejus
1059 3486 1153 3537 sibi
1185 3502 1356 3538 vacare
1388 3497 1676 3553 caeperunt,
1714 3489 1879 3540 Ottoni
1906 3488 2090 3553 juniori
2123 3489 2183 3540 de
