2280 3918
0 2767 6 2810 ἰ

0 2847 8 2938 i

1934 221 2010 276 41

962 363 1004 438 g
1050 344 1154 420 24ss

106 516 415 580 speciatim
462 530 550 574 ca,
615 529 760 578 quae
807 513 873 563 de
920 512 1599 579 Cursorihuspublicis
1653 516 2012 577 (vernaculo

364 599 738 665 proprioque
783 598 1204 663 Hungarorum
1249 599 1563 661 instituto)
1611 600 1750 665 agit.

273 759 444 836 Quod
483 784 590 848 per
638 758 838 823 orbem
873 760 1199 820 Romanum
1236 759 1309 821 ab
1348 759 1673 824 Octaviano
1726 762 2014 846 Augusto

106 845 487 908 constitutum
517 858 637 922 est,
684 843 1104 907 vehicularium
1135 867 1376 921 munUS,
1423 846 1755 932 Procopius
1794 849 2012 916 Caesa-

104 931 321 993 riensis
361 955 467 1017 per
506 929 909 995 Justinianum
952 932 1376 1015 Imperatorem
1403 930 1553 1009 ,alibi
1594 954 1707 993 usu
1754 931 2016 994 lintrium

105 1016 360 1093 incert0,
426 1015 745 1102 tardoque,
815 1015 866 1077 si
911 1027 1236 1102 tempestas
1286 1015 1622 1101 ingrueret,
1681 1016 2014 1080 inconsulte

107 1113 537 1179 commutatum,
569 1100 925 1188 penitusque
959 1100 1046 1163 sic
1079 1101 1414 1186 neglectum
1447 1100 1730 1188 queritur,
1772 1115 1837 1165 ut
1867 1126 2016 1188 quae

106 1187 166 1249 in
207 1185 520 1274 provinciis
560 1199 948 1273 gererentur,
996 1211 1131 1250 sero
1164 1199 1222 1250 et
1258 1200 1396 1273 post
1428 1187 1647 1250 factum
1682 1187 2015 1251 innotesce-

106 1284 255 1346 rent,
287 1271 420 1334 dum
433 1274 558 1357 jam
585 1271 912 1336 adhibendo
935 1272 1102 1335 locus
1127 1271 1384 1336 remedio
1411 1296 1527 1335 non
1560 1286 1737 1336 esset.
1753 1280 1800 1353 1)
1830 1273 2012 1360 Apud

106 1356 370 1420 homines
423 1370 662 1422 nostros
708 1357 1044 1420 institutum
1092 1360 1418 1423 Cursorum
1469 1357 1836 1445 publicorum
1890 1372 2014 1423 tum

105 1441 351 1519 maxime
398 1442 617 1528 viguit,
663 1466 1013 1530 semperque
1049 1467 1190 1530 pars
1236 1457 1363 1507 erat
1410 1468 1585 1507 curae
1625 1443 1853 1521 finium,
1900 1468 2015 1530 qua

104 1527 247 1590 nihil
268 1550 520 1613 unquam
535 1527 866 1593 habuerant
889 1529 1203 1616 antiquius
1226 1528 1477 1593 Stabula
1489 1532 1882 1593 Romanorum
1908 1554 2013 1617 pu-

104 1613 257 1675 blica
303 1615 631 1699 aspernati,
674 1620 725 1695 2)
777 1615 1082 1700 negotium
1139 1614 1253 1678 hoc
1314 1615 1609 1701 equitibus
1660 1615 2014 1679 mandebant

105 1697 218 1761 hac
260 1697 568 1762 instructis
607 1712 931 1788 potestate,
984 1713 1051 1763 ut
1090 1723 1299 1786 equum
1337 1700 1653 1787 fatigatum
1696 1723 1826 1763 cum
1878 1701 2011 1777 alio,

107 1787 506 1870 cujuscunque
547 1784 600 1852 is
640 1785 855 1850 domini
893 1797 1094 1864 esset,
1139 1798 1474 1873 permutare
1518 1787 1576 1848 in
1612 1786 1821 1850 itinere
1861 1810 2010 1872 equo

105 1881 368 1957 possent.
423 1874 653 1934 Morem
694 1869 884 1949 hunc,
946 1871 1082 1957 quia
1129 1872 1507 1935 necessitatis
1552 1871 1822 1960 publicae
1859 1895 2012 1935 com-

105 1954 493 2018 mendabatur
533 1955 790 2034 ratione,
831 1955 882 2020 d.
920 1958 1262 2043 Stephanus
1302 1957 1622 2044 probasse,
1685 1971 1786 2020 aut
1818 1956 2011 2020 saltim

108 2065 224 2104 non
267 2041 624 2128 reprobasse
659 2042 908 2106 videtur.
964 2042 1284 2106 Ladislaus
1320 2044 1457 2140 lege
1483 2044 1831 2129 temperavit
1856 2046 2011 2128 ejus-

107 2125 281 2204 modi,
328 2150 539 2214 equum
565 2140 630 2191 ut
655 2129 811 2191 ultra
834 2127 1074 2191 tertium
1100 2127 1312 2191 ducere
1339 2152 1531 2191 vlcum
1560 2153 1667 2193 seu
1696 2128 2008 2193 stationem

109 2213 274 2276 nefas
311 2226 497 2288 esset;
544 2237 654 2277 nec
685 2213 758 2276 ab
790 2213 890 2290 iis,
925 2214 1034 2299 vqui
1068 2213 1141 2277 ad
1178 2212 1473 2277 Eclesiam
1510 2228 1612 2278 aut
1653 2215 2010 2302 Episcopum

108 2299 202 2362 vel
247 2299 534 2363 Comitem
567 2299 1103 2386 proficiscerentur,
1136 2299 1652 2387 Praesbiterisque
1673 2314 1732 2365 et
1763 2298 2011 2365 Clericis

112 2384 318 2448 liceret
352 2386 616 2472 accipere
637 2392 705 2466 3).

290 2655 332 2714 1)
376 2654 432 2703 In
462 2654 576 2704 hist.
610 2671 782 2705 arcana
813 2657 890 2706 ed.
924 2656 1078 2722 Lugd.
1111 2673 1162 2723 p.
1196 2653 1294 2719 49,
1333 2653 1447 2708 130
1482 2673 1586 2723 seq.

281 2736 342 2799 2)
386 2739 572 2805 EquOS,
605 2741 654 2789 in
685 2741 761 2790 his
793 2742 874 2807 qui
905 2742 1172 2803 alebantur,
1205 2743 1264 2792 ad
1293 2742 1601 2808 injiciendam
1632 2743 1791 2792 itineri
1822 2758 2008 2793 moram

119 2824 254 2875 facile
284 2825 422 2874 reddi
451 2826 671 2890 potuisse
699 2826 893 2880 inutiles
925 2843 982 2878 ex
1012 2828 1191 2879 Zosimi
1222 2827 1346 2878 Hist.
1378 2829 1412 2879 l.
1445 2827 1500 2878 ΙΙ.
1533 2828 1787 2894 intelligaS.
1864 2819 1866 2821 ¹

286 2911 332 2970 3)
378 2910 495 2976 Cap.
531 2908 627 2962 28.
659 2912 693 2963 l.
725 2912 809 2962 III.

964 3112 1007 3201 ς
1050 3118 1149 3184 25.

399 3271 477 3322 De
520 3273 748 3338 legibus
792 3273 922 3338 ejus
965 3275 1032 3324 ad
1076 3276 1466 3342 corrigendos
1510 3291 1706 3325 mores
1743 3290 1753 3299 “

283 3435 352 3493 ln
395 3430 671 3494 Decretis
715 3431 766 3494 d.
812 3431 1075 3495 Ladislai
1109 3432 1219 3496 duo
1251 3435 1499 3498 maxime
1540 3447 1819 3498 notantur
1870 3432 2006 3496 deli*

118 3529 340 3579 ctorum
374 3539 619 3602 genera:
663 3516 901 3595 furtum,
949 3542 1249 3584 commune
1290 3519 1424 3584 olim
1467 3519 1842 3599 Scytharum,
1890 3523 2006 3582 La-
