2358 3874
291 248 370 301 82

291 378 715 445 conficiendam
769 374 907 435 huic
950 394 1159 433 vanam
1207 392 1396 431 novae
1453 366 1643 429 laudis
1698 365 2002 428 materiam
2062 363 2224 425 abuti

293 466 442 528 velle
473 463 799 526 videantur.

1166 657 1208 731 ς
1255 659 1352 715 19.

921 822 1100 858 secus
1147 807 1378 856 sentire
1423 805 1591 854 licet.

466 969 535 1031 Si
580 968 719 1053 quid
762 965 904 1027 mihi
950 965 1151 1028 videre
1196 988 1271 1028 ex
1308 976 1429 1026 tam
1461 961 1788 1047 longinquo
1832 959 2002 1036 licet,
2044 959 2230 1021 seculi

298 1056 445 1118 haec
477 1053 649 1138 culpa
678 1051 807 1126 suit,
838 1063 960 1113 tam
993 1050 1151 1111 culto
1172 1047 1522 1111 Colomanni
1560 1046 1802 1131 ingenio
1832 1045 2083 1107 multum
2114 1042 2231 1105 dis-

295 1139 490 1226 pariS,
536 1150 603 1199 ut
633 1136 884 1198 maxime
924 1135 1215 1196 salutaria
1246 1132 1520 1195 consulta
1574 1134 1706 1216 ejus
1747 1129 1988 1191 minime
2025 1127 2231 1204 ferret,

299 1221 717 1305 addendaeque
748 1218 844 1280 his
876 1218 1118 1303 majoris
1150 1216 1536 1303 perfectionis
1567 1215 1855 1301 incapax,
1901 1212 1974 1275 ad
2013 1217 2233 1299 prisca,

299 1306 596 1370 deteriora
642 1305 808 1379 licet,
842 1302 950 1365 sed
982 1301 1257 1377 adsueta,
1289 1298 1729 1386 potentioribus
1759 1322 1903 1362 vero
1942 1298 2239 1383 placentia

296 1390 494 1476 magis
526 1389 951 1451 revolveretur.
983 1390 1135 1449 Tem
1181 1385 1385 1449 oribus
1427 1385 1618 1469 igitur
1648 1383 1914 1446 cessisse
1943 1385 2235 1466 Geyzam,

298 1498 415 1538 non
459 1473 634 1535 etiam
680 1470 1004 1534 domestico
1045 1474 1116 1556 ju
1158 1470 1271 1532 icio
1296 1518 1310 1546 ,
1358 1481 1537 1553 atque
1582 1468 1760 1530 animi
1802 1467 1897 1529 sui
1939 1466 2239 1530 sententia

299 1558 584 1644 quaedam
618 1555 965 1618 Colomanni
994 1554 1278 1618 Instituta
1321 1553 1683 1639 reprobasse
1715 1551 2025 1627 existimO,
2065 1551 2239 1636 plura

300 1643 455 1706 enim
501 1664 681 1727 porro
733 1663 968 1736 quoque
1013 1639 1427 1726 perstiterunt.
1491 1639 1712 1722 Neque
1762 1636 1858 1698 hic
1905 1634 2237 1722 praeterire

299 1727 486 1789 verba
516 1725 758 1788 Ottonis
789 1723 1209 1818 Frisingensis
1248 1722 1387 1784 licet
1416 1721 1715 1796 moribUS,
1746 1720 2239 1806 temporibusque

302 1813 549 1893 Geyzae
577 1812 655 1870 11.
688 1820 828 1893 apta
857 1830 1127 1869 maxime.
1163 1810 1287 1883 „In
1318 1805 1451 1882 hoc,
1485 1805 1568 1867 ait
1598 1806 1673 1882 is,
1711 1808 2082 1868 Graecorum
2109 1803 2236 1865 imi-

302 1905 504 1956 tantur
551 1892 884 1968 solertiam,
918 1890 1075 1977 quod
1105 1891 1327 1952 nullam
1358 1913 1485 1952 rem
1516 1913 1793 1975 magnam
1814 1938 1828 1965 ,
1865 1889 1995 1952 sine
2027 1888 2239 1952 crebra

301 1991 360 2040 et
390 1979 573 2062 longa
606 1976 1044 2038 consultatione
1076 1974 1488 2060 agrediuntur.
1514 2014 1599 2022 -—
1635 1974 1736 2037 Ad
1771 1973 2011 2036 Curiam
2047 1970 2237 2058 Regis

301 2062 395 2123 sui
428 2061 691 2145 singulis
724 2084 798 2123 ex
826 2059 1189 2146 primoribus
1222 2060 1430 2122 sellam
1461 2081 1664 2121 secum
1694 2058 2074 2144 portantibus
2101 2080 2239 2120 con—

299 2146 564 2221 veniunt,
598 2158 658 2208 et
689 2144 759 2208 de
791 2168 937 2207 suae
968 2143 1334 2230 reipublicae
1361 2156 1525 2207 statu
1554 2150 1926 2230 pertractare
1953 2155 2014 2205 et
2045 2141 2240 2204 discu-

299 2244 431 2293 tere
461 2253 579 2293 non
611 2230 993 2315 negligunt.“
1015 2269 1100 2277 -—
1127 2232 1295 2311 Quae
1328 2229 1564 2314 quidem
1598 2228 1716 2305 ille,
1750 2250 1926 2324 quam
1966 2249 2107 2290 vere
2155 2225 2239 2289 di-

299 2314 485 2461 fiepit,
535 2327 679 2400 quot
707 2316 894 2378 ferme
934 2316 1183 2398 Geyzae
1225 2313 1468 2397 literas,
1511 2325 1603 2376 tot
1633 2311 2009 2375 clarlssimos.
2043 2323 2238 2375 testes

344 2422 378 2460 a
422 2421 590 2461 emus
625 2405 691 2479 1).

442 2669 489 2741 ¹)
521 2672 706 2722 Harum
738 2672 847 2722 illae
879 2673 938 2722 de
971 2688 1014 2722 a.
1044 2671 1204 2723 1156
1238 2671 1491 2740 (C.D.11.
1514 2690 1564 2738 p.
1594 2668 1747 2734 140).
1771 2672 2239 2722 concessionem

304 2757 479 2821 Regis
518 2764 567 2806 et
598 2772 960 2807 consensum
992 2757 1182 2806 totius
1213 2752 1386 2822 regni
1419 2758 1513 2807 sui
1545 2758 1905 2818 memorant}
1939 2756 2060 2805 aliae
2093 2755 2234 2817 (ibid.

304 2857 352 2904 p.
394 2835 540 2907 144)
580 2842 731 2904 regali
762 2849 811 2890 et
848 2842 999 2890 totius
1031 2841 1171 2904 regni
1203 2841 1369 2905 Sigillo
1401 2842 1658 2906 principali
1698 2841 1980 2909 roboratae,
2031 2839 2237 2889 disserte

305 2925 372 2972 de
419 2925 607 2987 gratia
655 2924 832 2988 Regis
880 2933 936 2974 et
982 2925 1240 2974 omnium
1292 2926 1478 2974 totius
1531 2925 1705 2987 regni
1766 2924 2089 2974 Primatum
2138 2939 2239 2972 as-

306 3022 486 3056 sensu
537 3008 841 3071 approbante
874 3010 1157 3071 loquuntur.
