2358 3874
318 205 603 263 XXXVlll

315 344 642 405 prenotatus
676 335 907 404 Egidius
944 333 1088 384 filius
1115 332 1370 395 Donath‚
1411 335 1590 387 dictas
1622 339 2020 404 possessiones
2041 337 2258 392 Zantou

317 431 371 474 et
408 431 616 474 terram
658 421 820 480 Veek
859 421 917 471 ln
958 420 1207 487 predicto
1249 436 1394 478 anno
1435 421 1637 473 domini
1676 422 1771 474 Mo
1803 422 2035 478 CCCmo
2056 426 2257 479 XXmo

316 511 460 561 inter
498 526 560 561 se
601 508 915 570 diviserint,
954 507 1024 557 Et
1063 508 1282 558 demum
1321 507 1563 559 iamdicti
1602 508 1775 572 Beke,
1814 510 1998 565 Endre-
2038 522 2094 566 et
2134 512 2258 568 Etel

315 597 410 666 fily
447 597 735 663 Herbordy
773 611 878 645 nec
915 611 1023 645 non
1065 602 1364 645 armotatus
1402 594 1636 664 Egidius
1675 595 1819 654 filius
1856 596 2098 663 Donath,
2132 616 2258 668 pre.

315 686 514 735 missas
552 684 734 734 dotem
777 689 830 732 et
869 698 962 732 res
1003 680 1412 748 paraffernales
1448 682 1761 750 prescripte
1791 684 1992 736 nobilis
2040 687 2256 738 domine

315 772 644 840 Margarete
684 768 878 820 relicte
921 768 1210 819 memorati
1255 768 1503 825 Abraam
1544 768 1640 838 fily
1678 769 1947 831 Herbordi
1985 773 2258 826 iamdictis

312 857 604 927 Magistris
644 855 848 916 Teteus
890 863 944 906 et
971 855 1231 907 Vezzeus
1271 854 1540 908 fratribus
1580 856 1794 909 scilicet
1829 858 2007 930 ipsius
2037 859 2256 918 domine

311 947 379 997 de
420 944 671 1013 predicta
710 943 1073 1011 possessione
1110 942 1446 1005 Isouteleke,
1485 944 1543 995 ln
1575 945 1827 1012 predicto
1862 944 2024 998 Anno
2053 946 2256 1002 domini

312 1032 407 1083 Mo
458 1028 687 1083 CCCmo
733 1029 1038 1097 Trieesimo
1108 1031 1354 1088 secundo
1411 1032 1573 1083 modo
1634 1031 1909 1099 premisso
1968 1032 2255 1098 soluerint,

311 1117 557 1172 Tandem
618 1118 795 1169 eciam
854 1118 913 1168 In
966 1117 1229 1169 iamdicto
1282 1117 1445 1171 Anno
1501 1118 1702 1170 domini
1752 1118 1850 1171 Mo
1899 1118 2075 1177 CCCo
2116 1119 2253 1174 LXo

311 1215 511 1258 octauo
554 1206 755 1273 prefati
793 1204 1126 1256 Vicecomes
1176 1203 1403 1257 Judices
1442 1205 1704 1257 nobilium
1754 1215 1809 1258 et
1846 1206 2027 1259 Jurati
2066 1223 2251 1260 asses-

309 1310 471 1347 sores
509 1293 618 1344 hoe
657 1300 718 1345 ut
756 1290 1012 1364 prefatus
1052 1291 1342 1344 Emericus
1383 1292 1560 1347 dictus
1614 1295 1682 1345 de
1732 1292 1922 1346 Beche
1973 1296 2252 1365 quandam

307 1380 642 1450 particulam
681 1380 748 1430 de
788 1379 915 1447 ipsa
953 1379 1316 1447 possessione
1353 1379 1672 1440 Isouteleke
1730 1380 1936 1450 prefati
1979 1381 2252 1440 Johannis

306 1468 399 1537 fily
439 1467 600 1525 Pauli
639 1484 764 1519 cum
805 1466 947 1520 silua
1002 1475 1056 1518 et
1109 1466 1235 1536 alys
1283 1466 1611 1520 vtilitatibus
1662 1469 1780 1520 suis
1827 1485 1931 1548 pro
1983 1484 2047 1521 se
2086 1486 2250 1522 occu.-
2343 1489 2346 1492 v

306 1564 535 1627 passet„
574 1555 646 1612 Et
685 1556 907 1609 tandem
947 1554 1126 1605 dictus
1164 1554 1446 1624 Magister
1485 1555 1747 1614 Vezzeus
1794 1557 1865 1607 ad
1918 1572 2116 1608 manus
2163 1574 2248 1608 re-

303 1645 431 1714 gias
471 1643 701 1694 eandem
741 1641 1124 1710 assignasset,
1180 1643 1251 1693 ad
1290 1642 1622 1709 premissam
1660 1641 1824 1698 fidem
1863 1660 2056 1696 eorum
2098 1642 2249 1696 affirf

303 1729 594 1792 maverint,
635 1727 846 1779 Tamen
887 1728 1096 1798 quia—
1134 1759 1199 1766 —
1240 1746 1345 1780 nee
1384 1728 1714 1797 prefatus
1766 1731 2072 1789 dominus
2121 1729 2249 1783 La-

302 1817 578 1870 dizlaus
626 1832 727 1874 rex
766 1804 1075 1883 preli'batos
1116 1816 1340 1872 Petrum
1378 1816 1626 1873 Abraam
1666 1835 1735 1870 ac
1775 1817 2040 1871 Comitem
2081 1818 2247 1872 Jaco-

300 1908 429 1959 bum
470 1912 525 1956 et
562 1903 906 1955 Herbordum
938 1902 1284 1960 Tavarnicos
1326 1913 1382 1956 et
1422 1905 1708 1974 dapiferos
1749 1922 1884 1958 suos
1923 1923 2066 1967 auos
2095 1908 2247 1964 vide-

299 1993 431 2044 licet
471 1999 525 2045 et
563 1992 999 2061 predecessores
1037 1991 1422 2044 iamdictorum
1464 1992 1748 2052 Valentini
1786 2011 1855 2046 ac
1894 1994 2164 2048 Johannis
2192 2004 2247 2048 et

299 2079 528 2133 alterius
566 2077 837 2134 Johannis
874 2078 930 2133 in
970 2093 1202 2136 causam
1241 2088 1609 2132 attractorum
1670 2091 1984 2150 tempore
2033 2085 2244 2136 donas

301 2166 528 2225 cionis
567 2164 1078 2236 sepedictarum
1122 2168 1355 2219 duarum
1384 2168 1784 2236 particularum
1811 2178 2085 2223 terrarum
2105 2171 2246 2223 Zanv

298 2263 394 2307 tou
445 2262 499 2306 et
538 2252 704 2305 Veek
740 2251 1068 2310 nobilitasse
1126 2271 1232 2306 nec
1283 2258 1635 2323 postmodum
1678 2256 2009 2315 Valentinus
2058 2270 2113 2316 et
2149 2257 2242 2314 Jo-

294 2341 510 2397 hannes
548 2357 618 2393 ac
658 2340 800 2391 alter
841 2339 1146 2404 Johannes,
1189 2342 1282 2394 vel
1319 2343 1519 2413 aliquis
1559 2361 1630 2396 ex
2045 2348 2243 2415 prede-

296 2429 615 2483 cessoribus
657 2428 957 2485 eorundem
997 2428 1281 2487 Valentini
1339 2448 1407 2482 ac
1446 2430 1720 2484 Johannis
1774 2431 2111 2508 etnalterius
2148 2433 2242 2486 Jo-

292 2515 494 2568 hannis
534 2532 652 2584 per
691 2514 991 2583 aliquem
1030 2532 1266 2586 regum
1307 2517 1660 2588 Hungarie
1715 2521 1776 2572 in
1835 2530 2059 2578 cetum
2113 2537 2238 2580 seu

291 2595 630 2663 numerum
657 2602 980 2660 nobilium
1006 2605 1525 2673 regnicolarum
1567 2609 1858 2675 recepti,
1884 2626 2009 2668 nec
2037 2609 2242 2667 eciam

292 2693 367 2743 de
418 2691 768 2762 premissa
816 2691 1345 2749 condicionaria
1396 2694 1734 2747 videlicet
1785 2694 2240 2748 Tavarnicali

291 2788 356 2830 et
394 2777 783 2846 dapiferali
829 2780 1163 2834 seruitute
1208 2784 1505 2851 exempti
1556 2782 1780 2842 fuisse
1819 2785 1920 2837 sed
1959 2793 2071 2836 tam
2109 2801 2238 2851 pre·

286 2864 441 2925 libati
481 2866 681 2926 Petrus
751 2873 805 2917 et
842 2866 1092 2925 Abraam
1153 2885 1222 2920 ac
1263 2867 1468 2921 Comes
1507 2869 1752 2925 Jocobus
1807 2878 1860 2921 et
1898 2869 2239 2935 Herba-du&

287 2951 380 3004 aui
430 2951 686 3011 videlicet
732 2955 1023 3025 ,ceterique
1079 2958 1522 3024 predecessores
1569 2956 1919 3026 prefatorum
1957 2957 2239 3014 Valentini

286 3056 356 3092 ac
393 3038 625 3098 Joannis
679 3049 734 3093 et
775 3041 1007 3093 alterius
1060 3042 1368 3108 Johannis,
1427 3029 1595 3113 quam
1650 3053 1704 3097 et
1752 3045 1862 3114 ipsi
1903 3045 2237 3098 Valentinus

283 3125 567 3180 Johannes
620 3136 675 3180 et
727 3128 870 3189 alter-
922 3128 1208 3182 Johannes
1262 3140 1376 3183 tam
1434 3132 1767 3199 premissam
1816 3133 2236 3202 possessionem

283 3214 615 3279 lsouteleke,
658 3233 823 3285 quam
866 3216 1044 3277 eciam
1080 3227 1420 3278 memoratas
1453 3221 1593 3272 duas
1628 3221 1934 3288 particulas
1959 3229 2233 3273 terrarum

284 3301 500 3354 Zantou
550 3311 605 3355 et
645 3303 808 3356 Veek
861 3322 896 3361 a
935 3313 1185 3374 tempore
1241 3307 1493 3360 annotati
1533 3308 1736 3360 domini
1775 3306 2021 3360 Ladizlai
2079 3308 2234 3379 regis

282 3404 457 3457 usque
496 3388 821 3443 hodiernum
863 3392 1006 3444 diem
1045 3395 1147 3448 sub
1176 3394 1495 3463 prescripta
1527 3395 1940 3458 condicionaria
1972 3395 2231 3449 videlicet

284 3472 634 3540 Tavarnioali
696 3487 751 3530 et
808 3478 1104 3548 dapiferali
1163 3483 1436 3535 seruitute
1483 3483 1537 3536 in
1598 3482 1991 3538 taciturnitatis
2042 3481 2227 3542 nubilo
