2358 3874
1990 197 2111 253 143

179 357 279 397 res
310 334 463 396 enim
507 354 578 394 eo
599 333 726 416 jam
766 330 892 394 fere
934 332 1063 395 loco
1093 332 1320 408 suerat,
1364 343 1430 395 ut
1474 355 1592 394 non
1633 330 1732 394 ille
1763 336 1959 416 magis
1998 357 2109 420 ope

179 418 353 504 hujus
394 416 701 501 indigere,
749 439 923 513 quam
960 417 1162 493 Belae,
1207 429 1271 479 ut
1302 428 1432 479 erat
1474 415 1789 478 immobilis
1834 416 2111 492 invidiae,

177 502 291 565 hoc
319 501 572 563 maximo
619 501 967 563 munimenti
1006 522 1230 586 genere
1272 524 1422 586 opus
1454 522 1593 562 esse
1632 499 1969 577 videretur,
2017 501 2113 563 cui

177 586 468 647 adversus
500 584 753 647 infestos
785 585 1110 647 insisteret.
1156 584 1413 671 Accepit
1455 584 1645 669 igitur
1685 583 2006 669 habuitque
2051 597 2112 648 et

177 673 407 755 Regem
438 681 498 731 et
529 669 808 755 populum
837 681 959 731 tam
990 668 1337 745 liberaliter,
1363 681 1426 731 ut
1452 691 1629 753 quum
1654 667 1750 730 hic
1770 667 2112 731 Nomadum

177 776 340 817 more
395 775 746 839 quocunque
801 752 1146 828 incedebat,
1217 752 1505 816 armentis
1565 753 1695 815 suis
1761 752 2114 839 depasceret

176 838 399 913 omnia,
447 850 730 922 essetque
770 836 1035 898 moribus
1087 860 1297 923 parum
1326 836 1590 923 pudiciS,
1634 837 1900 923 maligna
1945 836 2112 923 vulgi

177 922 452 1008 opinione
490 926 622 986 Rex
667 920 895 984 alienae
938 921 1146 1007 culpae
1186 944 1329 983 reus
1373 921 1750 984 subderetur.
1796 921 2113 1008 Principes

174 1007 375 1092 itaque
418 1006 545 1082 hic,
597 1010 901 1082 Bal-ones,
963 1005 1257 1081 Comites,
1319 1018 1380 1067 et
1427 1008 1731 1068 Cumanos
1781 1027 1988 1068 omnes
2039 1006 2114 1068 ad

174 1091 597 1153 monasterium
631 1090 703 1153 de
735 1093 871 1152 Keii
906 1113 1092 1176 prope
1120 1090 1432 1153 Tibiscum
1477 1089 1857 1165 convocavit,
1892 1090 2113 1152 consti-
2177 1156 2186 1164 χ

174 1175 434 1260 tuitque,
497 1186 563 1236 ut
606 1173 918 1237 Cuthenus
961 1187 1022 1237 et
1058 1197 1200 1260 pars
1245 1197 1490 1237 suorum
1529 1173 1767 1236 Pestini
1798 1175 1978 1236 fixam
2007 1173 2111 1236 ha-

174 1259 346 1322 beret
376 1258 608 1332 sedem3
639 1258 852 1343 reliqui
882 1282 990 1345 per
1030 1256 1303 1322 diversos
1339 1258 1540 1345 sparsi
1564 1260 1900 1321 Comitatus
1931 1258 2113 1343 dege-

171 1355 340 1418 rent,
385 1356 445 1406 et
487 1343 539 1403 si
592 1343 667 1404 lis
704 1343 862 1405 inter
905 1366 1010 1406 eos
1039 1347 1491 1428 Hungarosque
1526 1342 1806 1419 oriretur,
1844 1343 2111 1405 Comites

172 1426 376 1512 gentis
409 1426 724 1511 utriusque
758 1430 862 1511 jus
915 1450 990 1489 ex
1034 1449 1223 1512 aequo
1264 1426 1545 1490 dicerent.
1596 1427 1875 1490 Perstitit
1911 1439 2113 1490 tamen

180 1511 338 1573 ultra
387 1511 563 1574 etiam
610 1510 895 1572 Cumanis
948 1512 1400 1596 propensiorem
1458 1534 1526 1572 se
1577 1511 1751 1584 dare3
1798 1511 2113 1607 Hungaris

171 1595 398 1681 copiam
421 1595 515 1656 sui
548 1594 821 1670 adeundi,
860 1594 947 1656 uti
980 1607 1176 1671 antea,
1208 1595 1524 1671 rariorem,
1559 1594 1814 1657 minimis
1845 1595 2112 1656 vielssim

171 1679 456 1742 Cumanis
508 1677 914 1764 inimpeditam
958 1691 1303 1765 praestare,
1357 1679 1586 1764 hosque
1635 1692 1695 1742 et
1750 1678 1807 1740 in
1848 1679 2112 1742 sedendo

171 1776 232 1826 et
267 1763 557 1848 suvsragiis
601 1762 662 1824 in
701 1762 950 1825 consilio
984 1763 1324 1849 promendis
1361 1763 1577 1849 potiori
1608 1763 1831 1826 habere
1877 1764 2024 1827 loco.

1063 1965 1209 2041 §5.

230 2116 543 2168 Exitiahili
588 2117 702 2166 hoc
747 2115 1083 2166 animorum
1130 2115 1389 2167 discidio
1434 2116 1738 2182 Hungaria
1782 2116 2050 2181 perierat

1038 2215 1240 2265 priuS,

342 2363 512 2421 Haec
549 2357 904 2442 Hungariae
956 2355 1142 2420 facies
1188 2357 1318 2434 fuit,
1354 2358 1695 2421 truculenta
1731 2358 1906 2436 odiis,
1947 2371 2109 2423 vete-

170 2465 413 2529 remque
466 2444 687 2505 cultum
747 2441 987 2527 penitus
1041 2454 1297 2519 mutata,
1351 2465 1531 2528 quum
1574 2443 1786 2504 Tatari
1834 2455 2108 2507 evastata

171 2528 430 2604 Russia,
485 2526 891 2610 Poloniaque,
939 2529 1064 2610 jam
1119 2525 1192 2588 ad
1256 2526 1513 2595 confinia
1576 2527 2108 2613 apropinquabant.

178 2615 456 2698 Accepta
500 2611 684 2687 sama,
734 2610 883 2674 Bela
927 2631 1036 2696 per
1083 2633 1314 2673 omnem
1368 2635 1505 2674 mox
1548 2612 1926 2696 Hungariam
1972 2635 2107 2698 pro-

172 2696 411 2758 clamari
476 2696 615 2758 fecit
686 2708 801 2770 „ut
848 2706 971 2756 tam
1033 2694 1292 2771 nobiles,
1369 2693 1468 2781 qui
1526 2694 1861 2758 servientes
1919 2698 2107 2782 Regis

173 2780 477 2855 dicuntur,
531 2802 704 2865 quam
739 2791 1084 2842 castrenses
1127 2791 1187 2841 et
1224 2780 1595 2865 pertinentes
1634 2779 1706 2842 ad
1749 2793 1977 2856 castra,
2039 2805 2106 2845 se

172 2865 245 2927 ad
285 2864 609 2927 exercitum
652 2876 1063 2950 prapararent,
1106 2875 1171 2925 ut
1208 2877 1434 2940 essent,
1477 2863 1710 2949 quando
1747 2868 1880 2928 Rex
1913 2865 2109 2929 mitte-

170 2961 285 3023 ret,
311 2948 371 3009 in
405 2958 699 3034 promtu.“
738 2946 1253 3033 Archiepiscopos
1292 2971 1433 3011 vero
1467 2961 1526 3010 et
1546 2947 1879 3035 Episcopos
1905 2953 2110 3012 etMa-

161 3036 335 3118 jores
380 3032 555 3116 regni
586 3030 816 3094 Budam
861 3033 1227 3107 convocavit,
1271 3055 1517 3117 quorum
1560 3055 1894 3109 consensu,
1940 3047 2105 3118 post-

174 3139 349 3202 quam
386 3115 785 3191 decrevisset,
834 3115 1061 3201 singuli
1102 3128 1168 3178 ut
1207 3116 1632 3203 stipendiarios
1678 3140 1823 3179 suos
1865 3130 2110 3202 paratos

172 3200 481 3275 haberent,
517 3198 823 3284 impetrari
860 3223 894 3261 a
934 3223 1001 3262 se
1037 3223 1255 3284 passus
1294 3213 1408 3276 est,
1450 3212 1518 3262 ut
1551 3199 1900 3275 KuthenuS,
1935 3223 2108 3284 quem

173 3284 342 3345 multi
382 3284 440 3344 in
497 3282 816 3368 perniciem
857 3283 1212 3365 Hungariae
1260 3306 1390 3344 cum
1429 3283 1675 3344 Tataris
1726 3283 2111 3368 conspirasse

175 3367 663 3455 suspicabantur,
706 3389 838 3427 cum
888 3389 1077 3428 uxore
1112 3377 1172 3427 et
1205 3366 1412 3428 liberis
1446 3378 1505 3426 et
1538 3366 1838 3428 nonnullis
1868 3368 2112 3453 Majori-

175 3452 285 3512 bus
308 3451 635 3514 ‘custodiae
672 3450 1169 3534 manciparentur.
