2280 3918
1940 210 2020 267 31

125 370 260 412 esse
297 349 486 434 legem
526 347 703 410 confit
744 370 817 409 ex
861 346 1196 410 testimonio
1242 369 1471 433 quoque
1501 347 1829 432 pervetusti
1870 347 2022 434 apud

125 438 453 504 Germanos
497 431 756 495 auctoris
791 439 841 512 2)
881 455 996 494 non
1026 432 1248 509 minuS,
1296 454 1467 518 quam
1497 431 1759 494 moribus
1792 431 2020 495 Siculo-

121 543 284 597 rum,
335 542 483 605 quos
535 542 644 580 sua
694 517 845 603 apud
889 518 1342 602 Transylvanos
1397 516 1651 583 solitudo
1708 517 2021 581 adversum

121 604 471 693 peregrinas
514 603 968 668 consuetudines
1005 602 1284 665 tuebatur
1319 601 1668 666 diutissime.

123 789 470 854 dignitatem
509 818 576 824 —
603 787 901 838 maritatis“.
936 787 1301 838 Testamentum
1332 790 1387 838 C.
1419 787 1604 838 Behich
1633 803 1677 838 a.
1716 784 1872 839 1220
1907 786 2017 856 (ΙΙΙ.

122 892 164 924 v.
203 872 255 925 1.
289 890 339 939 p.
375 870 548 936 303):
585 874 682 935 „Si
711 880 867 922 mater
897 872 956 922 de
995 873 1103 922 vino
1144 873 1270 923 illius
1301 874 1466 922 vineae
1504 873 1683 938 poterit
1718 873 1787 922 eis
1824 882 2020 927 vestes

121 976 422 1025 comparare,
456 957 945 1024 quemadmodum
975 957 1217 1008 filiabus
1254 958 1462 1007 talium
1500 958 1814 1022 nobilium3
1848 959 1917 1009 sic
1947 959 2021 1009 vi-

120 1061 210 1095 nea
240 1044 506 1094 remanebit
535 1044 815 1093 Dominae“
852 1050 945 1093 cet.
977 1043 1108 1092 Adde
1139 1043 1216 1092 his
1247 1043 1362 1108 styli
1395 1043 1606 1093 Cancell.
1639 1042 1844 1093 Mathiae
1875 1043 2016 1094 Corv.

121 1146 209 1196 per
246 1128 518 1180 Kovachich
560 1129 673 1178 editi
716 1129 879 1178 literas
917 1144 966 1193 p.
1003 1126 1120 1178 279
1164 1144 1300 1178 num.
1330 1122 1475 1177 214:
1520 1128 1723 1193 „ipsam
1761 1129 2017 1178 Dominam

121 1215 455 1273 lectisterniiS‚
496 1214 709 1264 vestibus
747 1221 796 1263 et
825 1213 928 1263 aliis
960 1214 1260 1263 ornamentis
1300 1221 1348 1263 et
1377 1213 1524 1263 rebus
1555 1214 1808 1277 dotalitiis‚
1841 1222 2021 1279 prout

119 1309 177 1350 et
212 1296 583 1364 inquantum
625 1316 688 1348 ex
729 1306 889 1349 tanta
929 1307 985 1349 et
1014 1299 1119 1348 tali
1151 1300 1319 1348 domo
1359 1315 1421 1348 ac
1452 1299 1672 1348 familia
1709 1299 2015 1358 licuisset,

119 1386 325 1435 dotare
378 1384 819 1450 nequivisset“.
887 1386 1040 1449 Atque
1071 1384 1166 1434 hoc
1204 1384 1321 1434 illud
1359 1391 1435 1434 est
1463 1384 1708 1434 Verboczii
1739 1385 1777 1434 Ι.
1810 1385 1883 1434 tit.
1921 1382 2016 1435 67.

116 1475 145 1530 §
177 1468 260 1519 2.:
296 1470 598 1531 „honeste
629 1458 791 1520 filias
822 1470 1034 1534 nuptui
1064 1469 1368 1519 tradere“.

292 1553 342 1623 2)
377 1555 559 1606 Chron.
595 1556 653 1605 de
684 1555 865 1620 nuptiis
896 1555 1039 1604 Belae
1064 1554 1171 1620 jun.
1205 1571 1249 1604 a.
1278 1551 1430 1604 1261
1468 1554 1596 1619 apud
1625 1554 1861 1620 Hormayr
1891 1572 1938 1604 o.
1972 1571 2017 1604 c.

117 1641 175 1690 ad
206 1656 250 1689 a.
288 1637 443 1690 1820
477 1657 526 1705 p.
562 1635 707 1690 224:
744 1641 948 1702 „Wenn
996 1656 1107 1690 man
1156 1640 1231 1689 die
1271 1640 1588 1689 Gewohnheit
1635 1640 1791 1700 hatte,
1841 1640 1929 1689 wie
1969 1641 2016 1689 in

119 1726 376 1790 Ungarn‚
408 1741 482 1774 wo
513 1726 795 1775 Kleinodien
825 1726 926 1775 und
962 1725 1348 1790 Jungfrauengut
1394 1725 1541 1775 nach
1589 1725 2015 1775 Landerwerth

117 1810 498 1875 abgeschatzt
526 1811 756 1860 werden
773 1848 785 1869 ‚
819 1827 874 1860 so
906 1811 1037 1860 hatte
1057 1826 1168 1860 man
1189 1811 1265 1860 die
1289 1811 1570 1876 Fssrspange
1595 1811 1681 1860 der
1699 1811 2015 1875 Holdseligen

118 1896 241 1946 wohl
274 1912 434 1946 zween
465 1912 668 1960 grossen
699 1897 896 1946 Landen
927 1896 1258 1960 gleichstellen
1289 1896 1550 1946 konnen“.

246 2131 364 2193 111.
414 2132 512 2193 De
541 2135 831 2195 cautione
875 2134 1233 2193 securitati-s·
1262 2131 1534 2192 *Jurium
1580 2133 1907 2193 avitarum.

968 2321 1010 2397 ς
1058 2325 1151 2378 11.

412 2478 462 2537 a)
492 2476 644 2524 facta
674 2474 965 2525 fratribus
996 2474 1140 2523 haec
1172 2473 1503 2524 redimendi
1543 2475 1745 2539 copia3

291 2638 358 2697 ln
406 2633 694 2697 communi
732 2631 879 2697 haec
924 2633 1333 2698 aestimatione
1373 2634 1487 2697 sita
1523 2641 1598 2713 ¹),
1651 2634 1766 2696 ista
1827 2644 2019 2695 autem

121 2732 251 2783 erat
300 2719 668 2806 hujusmodi,
722 2731 787 2782 ut
835 2741 1003 2804 quem
1058 2719 1361 2805 proximus
1406 2718 1765 2782 divisionalis
1818 2718 2020 2794 frater,

122 2805 431 2892 quinquies
456 2805 719 2868 centenis
741 2804 991 2866 nummis
1013 2803 1273 2867 vendidit
1303 2827 1532 2890 agrum,
1564 2804 1713 2867 alter
1733 2803 2021 2868 redimere

122 2891 444 2955 numeratis
475 2890 726 2953 nummis
766 2889 1015 2975 triginta
1053 2900 1261 2977 posset
1298 2897 1364 2970 2).
1411 2892 1670 2952 Tantum
1711 2902 1831 2966 est,
1878 2887 2018 2951 nihil

123 2989 450 3062 praeterea,
483 2975 637 3062 quod
674 2975 744 3039 de
789 2976 924 3061 lege
955 2973 1160 3052 dicam,
1208 2998 1355 3061 quae
1383 2987 1450 3039 ut
1479 2975 1788 3062 principali
1841 2997 2021 3061 scopo

127 3084 236 3124 suo
267 3061 487 3148 stirpes
519 3084 717 3125 eorum
748 3060 1154 3139 conservandi,
1194 3084 1441 3149 quorum
1469 3060 1687 3125 virtute
1716 3059 1862 3124 haec
1886 3083 2021 3123 con-

305 3261 346 3322 l)
377 3259 446 3309 De
476 3260 571 3310 hac
600 3261 740 3312 Verb.
774 3259 827 3311 P.
861 3262 898 3312 l.
932 3261 1006 3312 tit.
1045 3259 1180 3324 133,
1220 3258 1337 3314 134
1368 3262 1551 3328 prolixe
1583 3260 1793 3312 disserit.

300 3344 350 3413 2)
383 3345 683 3396 Sententiam
730 3346 857 3395 hanc
894 3346 1122 3407 Palatini,
1171 3347 1376 3412 exempli
1417 3362 1561 3397 causa
1599 3346 1787 3396 allatam
1818 3344 1923 3395 vide
1954 3345 2020 3395 sis

128 3430 183 3479 C.
217 3429 274 3480 D.
308 3431 389 3480 IX.
423 3447 466 3481 ν.
503 3429 557 3480 6.
591 3447 640 3495 p.
676 3426 772 3481 93.
805 3430 895 3480 Est
924 3431 1044 3480 haec
1076 3432 1119 3481 ei
1149 3432 1344 3496 penitus
1377 3431 1570 3492 similis,
1613 3446 1756 3496 quam
1795 3430 2020 3495 superius

128 3515 273 3565 citato
306 3516 423 3579 Reg.
457 3516 626 3566 Varad.
661 3531 708 3565 n.
749 3511 862 3565 130
897 3516 996 3565 Rex
1026 3531 1136 3567 cum
1168 3515 1470 3582 Principibus
1498 3516 1622 3568 tulit.
