2358 3874
1945 210 2067 262 Xlll

137 351 276 403 idem
318 355 533 416 pratum
585 343 778 408 Kech,
830 343 957 396 hinc
1005 344 1152 396 vadit
1201 344 1270 396 ad
1310 342 1586 412 quandam
1626 350 1831 395 terram
1854 382 1868 407 ‚
1922 361 2066 414 quae

138 437 466 506 Borsousag
503 433 736 495 dicitur,
789 450 951 502 quam
1004 432 1387 501 pertransiens
1436 432 1792 501 progreditur
1843 434 1911 503 ad
1953 442 2068 485 tres

136 533 313 576 metas
372 531 426 574 et
482 529 786 589 separatur
837 537 872 571 a
925 529 1074 572 terra
1126 520 1395 571 dictorum
1449 519 1727 571 hominum
1767 519 1976 590 Vogya
2015 530 2069 572 et

135 611 363 672 Kencz‚
414 607 542 662 hinc
580 607 732 660 vadit
770 608 934 677 juxta
984 616 1245 676 stagnum
1286 606 1624 677 Rousousag
1650 608 1817 676 juxta
1858 617 2067 660 terram

137 697 384 749 Thomae
423 705 479 749 et
518 694 739 748 Guthae
789 697 859 748 ad
900 696 1040 746 duas
1078 703 1260 746 metas
1299 703 1355 746 et
1388 695 1745 764 progreditur
1781 711 1958 764 usque
1997 697 2069 747 ad

133 785 406 854 quoddam
444 791 735 853 stagnum,
793 783 937 851 quod
977 781 1264 833 Kerehtou
1314 783 1511 834 dicitur
1557 783 1754 835 iterum
1807 785 1877 835 ad
1929 785 2069 836 duas

88 885 91 897 “
135 882 312 924 metas
351 881 406 924 et
442 871 592 924 vadit
631 871 702 921 ad
743 868 950 922 fontem
992 869 1136 921 Vich
1177 887 1338 939 quem
1378 871 1763 938 pertransiens
1802 871 1952 924 vadit
1997 873 2068 924 ad

131 970 251 1011 tres
299 967 477 1010 metas
518 967 675 1009 terae
714 958 1012 1008 eorundem
1054 956 1584 1008 haereditariae
1615 959 1716 1026 1³),
1765 957 1894 1011 hinc
1942 978 2069 1027 pro-

137 1046 389 1116 greditur
427 1055 482 1097 et
519 1045 670 1097 vadit
709 1045 779 1095 ad
832 1053 947 1095 tres
1004 1052 1182 1095 metas
1225 1061 1403 1112 usque
1460 1045 1532 1095 ad
1579 1054 1840 1115 stagnum
1886 1047 2070 1100 Barch

134 1135 205 1185 ad
243 1131 461 1184 Uchtus
490 1134 564 1201 ιζἒ)
613 1140 669 1185 et
705 1132 831 1183 inde
870 1131 1014 1182 inter
1052 1131 1494 1184 Udvornicorum
1532 1130 1721 1184 Luche
1772 1142 1827 1185 et
1865 1142 2069 1186 terram

136 1219 355 1273 Guthae
397 1229 452 1272 et
491 1219 738 1272 Thomae
778 1219 997 1271 nomine
1037 1217 1261 1271 Corcha
1298 1220 1449 1271 vadit
1486 1222 1558 1272 ad
1595 1229 1855 1291 stagnum
1886 1221 2071 1275 Barch

133 1310 204 1361 ad
244 1307 652 1360 meridionalem
694 1316 910 1376 partem
949 1323 1126 1376 usque
1168 1315 1428 1376 stagnum
1470 1307 1758 1372 Zelestou‚
1808 1310 1899 1362 ubi
1945 1319 2072 1362 sunt

135 1397 276 1448 duae
319 1404 500 1447 metae
541 1404 596 1446 et
633 1394 761 1446 hinc
790 1395 1148 1464 progreditur
1179 1396 1251 1446 ad
1277 1393 1485 1446 fontem
1515 1395 1656 1447 Vich
1690 1399 2068 1466 supradictum

138 1492 193 1535 et
229 1482 773 1534 haereditarium
828 1499 1061 1534 eorum
1119 1491 1174 1533 et
1211 1484 1336 1534 inde
1375 1500 1479 1550 per
1517 1491 1634 1534 tres
1672 1493 1851 1536 metas
1890 1494 2069 1538 trans-

132 1571 311 1621 eundo
350 1569 402 1621 in
445 1571 620 1622 tribus
660 1569 799 1621 locis
838 1569 1138 1621 revertitur
1176 1571 1246 1621 ad
1287 1569 1668 1634 Zamzsnven,
1708 1574 1852 1624 unde
1893 1573 2071 1640 prima

136 1667 279 1710 meta
318 1656 501 1709 fuerat
538 1673 848 1728 progressa
898 1666 953 1709 et
991 1658 1074 1709 sic
1114 1666 1298 1710 metae
1336 1657 1514 1726 ipsius
1552 1666 1736 1711 terrae
1779 1661 2071 1713 terminan-

134 1755 241 1797 tur.
281 1745 349 1796 Et
401 1755 461 1796 ut
498 1745 675 1813 ipsius
725 1746 808 1796 rei
846 1745 1025 1797 series
1063 1747 1235 1797 robur
1275 1744 1548 1798 firmitatis
1597 1747 1844 1799 obtinere
1883 1749 2072 1801 valeat

132 1829 309 1902 usque
368 1834 438 1884 ad
496 1833 874 1901 praesentiam
934 1843 1284 1901 posterorum
1338 1833 1534 1886 literas
1587 1844 1811 1887 nostras
1862 1837 2069 1889 eisdem

133 1919 464 1972 contulimus
503 1919 740 1988 duplicis
778 1920 948 1990 sigilli
987 1922 1162 1972 nostri
1187 1922 1496 1989 patrocinio
1526 1925 1834 1977 roboratas.
1865 1924 2069 1977 Datum

135 2025 279 2060 anno
322 2009 392 2060 ab
421 2008 795 2060 incarnatione
817 2008 1036 2060 Domini
1078 2008 1366 2061 millesimo
1397 2011 1769 2063 ducentesimo
1799 2014 2070 2083 quadrag.

134 2106 354 2149 octavo·
394 2097 453 2148 In
492 2113 663 2164 super
701 2098 772 2148 ad
810 2097 1078 2166 majorem
1117 2105 1343 2149 nostrae
1383 2097 1696 2150 collationis
1736 2100 2064 2153 evidentiam

133 2183 326 2236 literas
363 2183 604 2236 Rolandi
644 2184 880 2236 Palatini
921 2193 975 2236 et
1005 2184 1233 2237 Comitis
1263 2185 1620 2238 posoniensis
1647 2186 1829 2239 dilecti
1861 2197 1914 2240 et
1943 2188 2070 2240 fide-

134 2271 204 2323 lis
251 2273 425 2324 nostri
476 2281 758 2339 postremo
799 2274 1055 2324 obtentas
1107 2273 1249 2324 idem
1289 2272 1544 2325 Ethuruh
1590 2274 1872 2339 exhibuit,
1922 2276 2068 2329 hanc

136 2359 336 2410 seriem
376 2360 752 2412 continentes:
808 2360 926 2412 Nos
962 2359 1252 2413 Rolandus
1292 2360 1578 2414 Palatinus
1628 2372 1682 2415 et
1722 2362 1922 2416 Comes
1963 2365 2068 2416 Po-

135 2447 411 2499 soniensis
450 2447 702 2499 omnibus
738 2448 991 2500 duximus
1030 2447 1470 2519 significandum,
1510 2453 1654 2520 quod
1691 2451 1942 2505 Ethuruh
1976 2453 2068 2505 Jo-

136 2535 303 2604 bagio
356 2533 539 2586 Castri
590 2535 951 2587 Posoniensis
1007 2538 1077 2588 ad
1126 2553 1230 2589 nos
1279 2539 1556 2590 accedens
1606 2538 1798 2592 literas
1836 2540 2070 2597 Dionisii

139 2621 373 2674 Palatini
415 2622 880 2675 praedecessoris
919 2624 1076 2676 nobis
1129 2627 1512 2693 praesentavit
1563 2629 1666 2679 sub
1717 2628 1824 2681 hac
1871 2627 2069 2693 forma,

137 2711 282 2778 quod
337 2726 461 2760 cum
511 2717 660 2761 terra
710 2727 815 2762 sua
870 2711 1099 2779 propria
1137 2716 1211 2781 15)
1269 2730 1375 2780 per
1425 2730 1606 2782 aquae
1657 2715 2068 2769 inundationem

135 2795 614 2865 fuissetocupata
666 2807 720 2849 et
761 2797 1047 2850 annullata
1065 2836 1083 2870 ⁹.
1131 2817 1232 2868 per
1282 2802 1597 2854 mandatum
1637 2802 1855 2855 Domini
1893 2804 2071 2875 Regis

137 2894 190 2936 et
211 2894 472 2954 respectu
502 2887 856 2939 necessitatis
880 2904 1018 2939 suae
1049 2890 1344 2957 quamdam
1380 2897 1584 2942 terram
1607 2888 1792 2944 Castri
1812 2890 2070 2946 Corchan

137 2974 353 3026 nomine
392 2983 651 3027 vocatam
689 2975 791 3028 sibi
834 2984 888 3029 et
925 2976 1044 3029 suis
1082 2974 1210 3028 filiis
1247 2975 1537 3029 Dominico
1559 2977 1636 3048 (22)
1668 2977 1981 3049 Seraphino
2015 2990 2070 3033 et

143 3061 310 3114 Petro
351 3061 702 3127 contulisset,
742 3071 797 3115 et
835 3065 1069 3116 eandem
1109 3073 1315 3117 terram
1358 3081 1461 3132 per
1497 3065 1756 3120 lvancam
1795 3066 2072 3124 Curialem

140 3233 650 3241 ---——-.-—--——-.-——-—

297 3345 368 3404 13)
398 3358 531 3403 quam
558 3351 607 3389 ut
634 3344 770 3390 subl.
798 3358 884 3404 qua
910 3344 1218 3405 Jobbagiones
1247 3361 1284 3391 s.
1309 3346 1442 3405 Regis
1462 3346 1704 3400 habebant,
1736 3348 1765 3393 l.
1782 3348 1853 3395 111.
1877 3344 2066 3409 §881›).

297 3418 365 3477 ι4)
395 3418 532 3462 Baros
561 3424 605 3462 et
633 3417 829 3464 Pechne.

297 3489 365 3548 ι5)
395 3489 498 3550 psro
515 3505 542 3550 p
560 3491 646 3535 ria
689 3497 734 3535 et
760 3497 810 3536 ut
836 3489 988 3548 paullo
1018 3490 1313 3552 antedictum,
1342 3492 1654 3543 haereditaria.
