2358 3874
1926 202 2008 259 63

99 346 348 411 classico
404 343 516 406 hoc
563 341 899 405 testimonio
948 340 1081 403 aliis
1133 365 1363 427 quoque
1420 340 1811 427 diplomaticis
1863 342 2008 404 locis

100 430 349 518 egregie
383 429 754 502 confirmato,
802 451 949 514 quae
995 430 1132 489 item
1163 430 1361 503 Keza,
1396 426 1580 489 seculi
1622 435 1700 488 13
1733 425 2009 513 scriptor,

97 519 168 582 de
199 514 642 579 conditionariis
718 537 784 576 ro
815 512 978 575 vario
1011 512 1278 574 laborum
1309 534 1532 609 genere
1562 536 1670 598 per
1699 512 2009 574 Coloman-

97 626 234 665 num
277 605 337 662 in
395 599 592 662 varias
652 537 858 662 diivisis
910 598 1137 660 classes
1186 598 1400 673 tradit,
1452 597 1830 684 perspicuum
1886 610 2009 660 est:

98 687 380 751 lnstituto
437 685 488 747 d.
537 684 827 772 Stephani
877 683 948 745 de
993 681 1510 759 ministerialibUS,
1571 706 1745 759 cura,
1795 681 2011 761 studio,

100 773 300 836 labore
343 772 686 834 Colomanni
746 781 972 831 tantum
1026 768 1388 846 accessisse,
1450 781 1516 831 ut
1573 768 1797 855 caeptis
1850 766 2011 830 illius

99 858 193 920 hic
227 858 457 921 demum
488 877 820 944 supremam
849 853 1241 940 impossuisse
1273 877 1507 916 manum
1543 854 1822 918 videatur.

961 1145 1002 1221 ς
1050 1148 1144 1204 16.

97 1309 270 1366 atque
309 1300 498 1350 servis
545 1299 717 1349 etiam
760 1298 1077 1358 s'ecuritaS‚
1127 1314 1196 1347 ne
1235 1298 1410 1347 vendi
1450 1305 1620 1349 extra
1651 1299 1807 1349 sines
1845 1300 2010 1365 regni

766 1390 1041 1448 possent,
1092 1387 1340 1433 asserta.

264 1536 399 1596 Hoc
427 1532 626 1618 itaque
660 1555 789 1594 cum
822 1531 873 1594 d.
896 1530 1202 1618 Stephano
1226 1555 1558 1606 commune3
1593 1531 1768 1608 aliud,
1803 1533 1873 1596 de
1900 1557 2014 1619 quo

96 1619 293 1682 dicere
331 1618 666 1706 pergimUS,
716 1616 1019 1704 proprium
1051 1617 1399 1680 Oolomanni
1436 1618 1841 1703 providentiae
1891 1632 2014 1682 stu-

97 1704 254 1766 dium
284 1704 420 1781 fuit,
463 1716 530 1766 ut
561 1703 675 1766 sibi
706 1704 1053 1789 gloriosum,
1087 1702 1175 1765 sic
1194 1703 1414 1766 nomini
1450 1704 1743 1789 hungarO,
1768 1705 2009 1790 populo-

100 1812 212 1887 que
243 1789 522 1852 universo
553 1812 834 1876 perquam
866 1789 1144 1851 salutare.
1170 1789 1369 1852 Vendi
1401 1789 1590 1852 adhuc
1621 1791 1799 1867 servi,
1825 1813 2015 1876 neque

95 1876 136 1937 il
168 1877 384 1952 solum,
429 1876 527 1962 qui
565 1880 626 1937 in
658 1874 808 1937 hanc
845 1873 969 1936 nati
1016 1874 1435 1952 conditionem,
1484 1876 1590 1938 sed
1640 1875 1849 1952 etiam,
1912 1876 2010 1963 qui
2047 1918 2063 1934 .

94 1961 156 2023 in
202 1984 447 2048 poenam
491 1961 688 2024 delicti
728 1960 798 2023 ad
841 1959 1067 2023 civilem
1099 1972 1348 2023 mortem
1387 1960 1538 2023 hanc
1566 1960 1824 2024 damnati
1856 1974 2015 2038 sunt,

97 2059 271 2111 extra
299 2048 450 2111 fines
480 2049 655 2133 regni
694 2047 878 2110 libere
922 2058 1258 2133 potuerunt.
1297 2047 1801 2110 Consuetudinem
1842 2047 2014 2124 hanc,

96 2133 260 2196 velut
303 2157 453 2219 quae
495 2146 555 2196 et
594 2156 700 2220 per
745 2157 811 2196 se
853 2131 1107 2194 barbara
1160 2144 1355 2209 esset,
1406 2145 1465 2196 et
1509 2157 1763 2219 regnum
1805 2132 2015 2196 incolis

99 2218 379 2298 nudaret,
412 2220 510 2306 qui
542 2217 832 2282 emendati
864 2217 1066 2280 utilem
1099 2217 1150 2280 ei
1184 2217 1320 2280 olim
1350 2231 1729 2303 praestarent
1757 2242 2014 2306 operam,

99 2304 439 2390 abrogavit,
471 2306 723 2391 legeque
769 2303 1154 2367 severissima
1204 2303 1524 2366 interdixit.
1590 2308 1795 2391 Atque
1839 2305 2014 2392 hujus

98 2389 384 2454 beneficio
430 2390 834 2478 providentiae
892 2411 1036 2451 suae
1087 2412 1202 2452 non
1243 2402 1470 2452 tantum
1524 2413 1735 2454 servos
1791 2415 2014 2478 genere

99 2474 438 2561 hungaros,
471 2476 578 2539 sed
617 2498 904 2562 quemque
943 2474 1003 2536 in
1033 2475 1351 2560 Hungaria
1387 2488 1586 2539 natum
1619 2478 1794 2540 etiam
1815 2477 2014 2541 alieni-

102 2585 336 2648 genam,
369 2561 752 2646 ancillamque
788 2561 1081 2646 [exceptis
1112 2559 1630 2646 linguae'alterius
1664 2563 1882 2640 serviS,
1917 2563 2014 2649 qui

101 2649 174 2710 ab
215 2648 346 2710 aliis
395 2646 553 2710 ducti
592 2658 798 2710 essent
826 2645 1204 2731 regionibus)
1234 2647 1471 2712 maximi
1501 2648 1791 2735 Princeps
1838 2648 2014 2710 animi

102 2735 442 2822 complexus
475 2745 569 2796 est
608 2739 670 2812 ¹).

282 2950 328 3019 1)
362 2951 552 3001 Colom.
586 2952 619 3002 l.
648 2950 699 3014 1,
734 2968 778 3002 c.
816 2951 912 3003 77.
945 2953 1200 3002 Rottekius
1231 2952 1432 3002 aliarum
1463 2951 1611 3000 homo
1643 2966 1810 3000 rerum
1842 2952 2016 3016 cogni-

103 3036 250 3086 tionis
276 3035 542 3101 judiciique
572 3038 857 3103 amplissimi
896 3038 955 3088 de
984 3038 1266 3104 hungaricis
1299 3037 1477 3103 oppido
1517 3052 1661 3102 quam
1692 3052 1938 3102 perpauca
1969 3045 2017 3086 et

105 3137 228 3187 quae
260 3138 307 3171 o.
342 3137 386 3170 c.
421 3122 477 3170 T.
509 3123 563 3171 V.
597 3139 646 3187 p.
684 3119 801 3172 309
844 3123 892 3172 in
930 3124 1177 3189 Hungaria
1216 3121 1301 3190 (ab
1333 3140 1377 3173 a.
1414 3120 1531 3173 800
1561 3151 1629 3158 —-
1667 3118 1852 3183 1300)
1892 3123 2016 3171 duos

104 3207 442 3257 tantummodo
482 3207 643 3271 legum
681 3208 859 3258 latores
891 3209 1193 3273 Stephanum
1230 3210 1268 3258 Ι.
1303 3215 1352 3258 et
1379 3208 1670 3258 Vladislaum
1702 3207 1739 3256 I.
1774 3206 2016 3258 exstitisse

108 3293 275 3354 tradit,
326 3292 469 3342 etiam
509 3299 736 3357 corrupte
774 3293 905 3356 legit.
963 3293 1034 3343 De
1067 3294 1387 3352 Colomanno,
1427 3291 1713 3356 legibusque
1752 3291 1857 3355 ejus
1888 3292 2016 3357 apud

106 3385 355 3427 auctorem
385 3379 516 3427 hunc
547 3377 683 3427 nihil.
