2280 3918
314 184 397 239 48

315 332 642 383 monstrum
708 317 1110 381 describerent
1185 319 1452 402 Regem,
1523 339 1692 402 quem
1752 316 2149 404 amplissimis
2186 341 2220 379 a

315 418 527 468 natura
582 417 642 466 et
693 402 983 467 industria
1035 400 1109 464 ad
1151 400 1544 487 principatum
1592 401 1828 465 dotibus
1879 402 2223 466 adornatum

315 491 537 553 formae
565 490 800 566 damna,
847 489 900 550 si
930 510 1078 573 quae
1103 485 1417 549 habuisset
1450 486 1644 563 etiam,
1690 486 1951 573 ingenio,
1995 488 2223 574 magni-

315 575 515 638 tudine
564 575 958 648 consiliorum‚
1003 594 1319 657 rerumque
1352 583 1658 657 gestarum
1696 572 1892 657 gloria
1931 573 2099 658 large
2133 596 2225 636 re-

316 659 593 747 pendisse
630 658 823 722 dicere
859 658 1184 721 debuerant
1213 664 1281 736 3).

318 846 356 894 si
390 842 623 907 Stephani
654 843 715 892 ΙΙ.
750 842 809 891 de
832 858 875 892 a.
905 835 1064 891 1124
1096 841 1319 908 Diploma
1351 843 1647 894 monasterio
1666 843 1715 893 b.
1738 843 1989 893 Benedicti
2009 843 2068 894 de
2093 843 2226 894 Gron

316 929 542 980 collatum
574 927 763 978 videndi
796 927 987 992 copiam
1018 927 1146 977 nacti
1184 927 1415 990 fuissent,
1461 935 1516 979 ut
1555 935 1693 979 erant
1729 929 1827 979 veri
1862 928 2224 992 studiosissimi,

321 1015 700 1074 Colomannum‚
735 1012 872 1078 juxta
904 1028 1014 1062 cum
1051 1013 1244 1062 laudato
1274 1013 1364 1063 sibi
1397 1014 1636 1065 Gaufredo
1673 1014 1951 1074 Malaterra‚
2000 1014 2229 1064 Chrono—

318 1099 505 1165 grapho
543 1098 659 1148 item
702 1097 960 1147 Thuroczii
992 1104 1040 1147 et
1071 1098 1268 1147 Simone
1301 1099 1359 1148 de
1392 1099 1516 1148 Keza
1547 1107 1594 1150 et
1637 1099 1880 1150 Chronico
1920 1099 2227 1159 Posoniensi‚

322 1186 500 1235 Cosma
537 1182 766 1247 Pragensi
809 1182 1058 1232 ordinibus
1108 1183 1284 1244 sacriS‚
1335 1173 1465 1248 Rege
1512 1185 1840 1247 Colomann0‚
1887 1185 1936 1234 in
1985 1185 2230 1250 Hungaria

316 1270 527 1327 initiam,
561 1267 879 1332 plurimisque
910 1267 1115 1318 testibus
1147 1267 1250 1317 aliis
1281 1267 1474 1319 filium
1507 1271 1908 1335 scripsissent
1938 1270 2159 1335 Geyzae
2188 1270 2228 1319 Ι.

318 1362 366 1405 et
396 1369 495 1403 non
515 1353 689 1402 ei-cum
719 1359 917 1402 auctore
949 1355 1183 1402 confictae
1215 1354 1275 1403 ad
1306 1354 1523 1404 Thomae
1551 1356 1746 1406 Archid.
1779 1356 1904 1406 Hist.
1939 1356 2103 1406 Salon.
2136 1371 2233 1405 no-

318 1448 394 1490 tae
426 1455 466 1488 s,
501 1438 778 1487 Ladislaum
808 1438 1102 1502 adscripturi
1131 1438 1322 1488 Patrem
1354 1447 1508 1490 erant.
2117 1448 2121 1452 '

496 1520 546 1591 3)
595 1523 781 1583 Tantus
798 1523 876 1572 ille
896 1539 1097 1588 graecae
1114 1524 1386 1589 latinaeque
1403 1526 1597 1590 linguae
1621 1525 1817 1591 populis
1836 1525 2085 1590 Agesilaus
2105 1526 2229 1586 laco,

319 1609 580 1675 quantulus
611 1623 701 1672 per
732 1608 1089 1659 deformitatem
1120 1609 1343 1674 corporis
1374 1618 1523 1672 esset,
1571 1612 1612 1661 si
1641 1612 1816 1661 horum
1851 1611 2035 1660 similes
2067 1611 2110 1659 ei
2141 1626 2235 1661 au—

323 1702 483 1745 ctores
547 1693 852 1757 obtigissent.
911 1694 1003 1752 Qui
1053 1695 1168 1744 dum
1218 1710 1506 1759 magnorum
1544 1697 1756 1746 virorum
1795 1696 1964 1745 laudes
2005 1710 2235 1746 corrum-

321 1786 470 1845 punt,
520 1779 692 1828 eodem
736 1778 919 1828 scelere
957 1780 1237 1844 praecipuis
1274 1781 1480 1845 patriam
1521 1782 1733 1847 spoliant
1772 1781 2071 1831 ornamentis
2111 1781 2232 1844 suiS,

320 1881 412 1914 nec
442 1865 492 1913 in
524 1864 692 1914 ultima
723 1879 867 1913 causa
900 1871 1040 1926 sunt,
1088 1872 1143 1915 ut
1173 1866 1438 1930 scriptores
1468 1866 1683 1933 posteri,
1733 1867 1815 1932 qui
1853 1866 1913 1916 ab
1954 1867 2014 1917 iis
2045 1866 2235 1917 diversa

325 1958 374 1999 et
405 1949 587 2014 majora
628 1950 831 2009 docent,
878 1950 1014 1999 nimii
1052 1950 1102 2000 in
1142 1950 1350 2016 Majores
1383 1953 1528 2002 studii
1560 1960 1608 2003 et
1637 1953 1928 2004 adulationis
1958 1967 2049 2018 per
2077 1967 2235 2017 quos-

325 2036 433 2085 dam
467 2034 793 2099 postulantur.
830 2035 1020 2093 Quanto
1053 2036 1190 2085 aliter
1218 2037 1339 2086 haec
1370 2038 1498 2103 apud
1536 2038 1748 2104 populos
1779 2054 1882 2100 (308,
1916 2038 2008 2088 hac
2039 2053 2233 2104 quoque

324 2122 518 2170 fortuna
549 2120 814 2185 principeS,
849 2121 979 2185 quod
1007 2121 1071 2171 ita
1098 2122 1156 2171 de
1179 2122 1354 2188 priscis
1377 2123 1591 2188 Regibus
1622 2123 1962 2189 Heroibusque
1993 2123 2095 2174 suis
2125 2139 2235 2173 me-

325 2206 507 2256 moriae
547 2206 797 2270 proditum
836 2207 1138 2271 acceperint,
1186 2214 1240 2257 ut
1275 2224 1375 2258 non
1405 2209 1455 2259 in
1487 2210 1815 2275 comparanda
1844 2210 1921 2260 his
1945 2209 2079 2275 justa
2107 2194 2233 2258 fama

324 2291 686 2352 elaborandum,
738 2291 824 2341 sed
853 2308 915 2342 ne
948 2292 1064 2358 quid
1092 2295 1372 2359 propagatis
1404 2296 1464 2345 ad
1495 2311 1548 2345 se
1579 2295 1893 2362 amplissimis
1923 2310 2095 2353 eorum
2123 2294 2234 2344 lau—

327 2376 467 2427 dibus
500 2377 817 2440 detereretur,
852 2378 1123 2429 curandum
1151 2394 1242 2445 per
1272 2367 1538 2447 scriptores
1568 2381 1809 2433 inferioris
1839 2381 2009 2432 aetatis
2039 2386 2187 2431 esset.

1204 2561 1347 2637 §a

817 2712 886 2762 ad
931 2715 1518 2778 repraesentandam
1557 2715 1739 2782 justi,

495 2872 634 2934 Jam
673 2870 921 2956 primum
974 2872 1157 2950 enim,
1209 2874 1362 2958 quod
1410 2873 1735 2961 scriptores
1778 2874 1820 2936 ii
1871 2873 2233 2938 Colomanno

330 2967 711 3032 succensent,
744 2955 1039 3019 decretam
1077 2958 1341 3022 Concilio
1373 2960 1814 3024 claromontano
1844 2960 2111 3023 militiam
2141 2981 2235 3021 sa-

330 3066 488 3106 cram
521 3041 681 3104 aditu
709 3042 1057 3128 Hungariae
1086 3066 1193 3129 per
1223 3066 1354 3106 eum
1385 3045 1737 3132 prohibitam
1771 3070 1932 3124 esse,
1974 3045 2047 3109 ab
2080 3043 2238 3109 omni

327 3127 704 3191 historiarum
734 3126 848 3190 fide
881 3127 1184 3203 abhorret3
1217 3153 1385 3194 nemo
1411 3133 1559 3194 enim
1581 3136 1704 3220 jam
1729 3132 1957 3196 dubitat
1982 3131 2237 3218 quinque

331 3214 506 3312 hujus
539 3211 774 3298 agmina
793 3211 907 3276 iter
937 3238 1044 3301 per
1071 3216 1444 3302 Hungariam
1472 3218 1716 3300 fecisse,
1762 3219 1835 3283 ad
1864 3217 2098 3282 modum
2153 3214 2263 3304 dig

331 3300 628 3387 sciplinae‚
665 3320 837 3385 quam
859 3323 1003 3387 prae
1033 3324 1100 3364 se
1129 3301 1419 3381 ferebant,
1450 3327 1558 3391 per
1577 3306 1998 3369 Colomannum
2018 3300 2235 3364 habita.

332 3388 413 3447 Et
454 3385 768 3448 Valterum
819 3384 1051 3472 quidem
1088 3399 1147 3451 et
1177 3391 1423 3452 Petrum
1452 3389 1770 3455 Eremitam
1814 3413 1945 3453 cum
1976 3411 2085 3451 suo
2116 3387 2235 3450 sin-

329 3470 504 3555 gulos
537 3469 771 3554 agmine
802 3472 1058 3557 benigne
1088 3475 1330 3562 accepit.
1355 3479 1487 3539 Hoc
1517 3488 1710 3540 tamen
1733 3479 1862 3563 ejus
1886 3473 2235 3538 beneficium
