2358 3874
254 208 338 261 ss

1126 380 1167 452 ς
1215 382 1313 437 27.

259 532 417 580 ldem
458 531 656 595 justae
703 528 1056 577 severitatis
1103 529 1370 591 exempla
1415 528 1485 577 ab
1518 528 1701 593 Regio
1748 546 1996 602 exorsus
2039 534 2191 594 lare,

472 629 600 664 cum
646 628 852 662 omnes
898 612 1164 661 muneris
1211 611 1301 662 sui
1345 627 1630 662 numeros
1676 614 1971 679 expleret,

426 776 593 833 Inter
624 769 1027 832 coronationis
1060 770 1348 832 solemnia
1371 771 1597 847 Belam‚
1628 794 1704 833 ne
1735 769 1976 834 dubium
2007 786 2191 851 esset,

254 856 409 941 quod
452 855 754 939 exemplar
792 854 1095 938 regendae
1138 857 1494 939 Hungariae
1538 854 1895 939 delegisset,
1944 880 2018 920 ex
2055 861 2193 926 Ste-

256 938 434 1026 phani
481 937 851 1024 praescripto
916 962 984 1000 se
1037 937 1191 999 hanc
1242 939 1718 1023 gubernaturum
1773 941 2082 1027 recepisse
2123 948 2191 1021 1),

255 1025 454 1085 nullus
513 1022 734 1085 dubito.
799 1025 1045 1085 Justam
1086 1021 1288 1106 itaque
1331 1046 1559 1086 morum
1603 1024 1764 1085 illius
1811 1024 2193 1089 severitatem

258 1108 619 1182 aemulatus,
670 1128 801 1167 cum
843 1107 1042 1191 paullo
1083 1119 1222 1191 post
1259 1109 1471 1191 Geyza
1504 1107 1922 1193 Euphrosinae
1959 1110 2191 1188 matris,

251 1194 504 1276 itemque
550 1189 841 1274 Stephani
889 1188 1350 1275 Archiepiscopi
1418 1192 1768 1255 Colocensis
1824 1206 1885 1256 et
1937 1193 2188 1257 aliorum

253 1300 362 1361 ope
405 1274 711 1337 custodiae
736 1286 927 1336 semet
962 1273 1374 1351 subduxisset,
1417 1275 1478 1337 in
1523 1276 1704 1361 fugae
1741 1290 2019 1341 auctores
2065 1280 2192 1341 fau-

250 1375 534 1444 toresque
582 1358 666 1420 ita
717 1357 1162 1434 animadvertit,
1214 1371 1281 1421 ut
1337 1360 1494 1444 quod
1531 1359 1604 1423 de
1643 1373 1834 1424 matre
1889 1361 1951 1424 in
2002 1365 2192 1426 Grae-

252 1445 421 1521 ciam,
469 1444 558 1506 uti
606 1442 741 1527 ipsa
794 1442 1131 1528 cupiverat,
1186 1442 1560 1521 dimittenda,
1615 1444 1924 1531 Stephano
1969 1447 2191 1510 Archi-

250 1529 529 1615 episcopo
571 1539 768 1588 autem
811 1526 955 1589 sede
1007 1549 1118 1588 sua
1149 1527 1436 1590 movendo
1476 1529 1632 1615 cepit
1676 1530 2024 1607 consilium,
2072 1555 2192 1595 non

250 1611 421 1676 modo
474 1636 594 1675 non
641 1609 1027 1684 invidiosum,
1078 1609 1184 1673 sed
1227 1613 1513 1697 populare
1566 1627 1745 1676 esset.
1787 1614 2004 1678 Cuncti
2035 1616 2191 1678 enim

249 1709 414 1760 certo
463 1698 638 1782 plane
695 1718 880 1757 sensu
920 1695 1306 1779 judicabant:
1371 1719 1542 1772 eum,
1602 1698 1701 1782 qui
1753 1701 1880 1783 jam
1924 1699 1986 1761 in
2028 1698 2191 1763 aditu

246 1780 578 1877 regiminis,
612 1780 704 1840 vel
736 1778 1000 1864 periculo
1033 1779 1494 1842 existimationis
1527 1803 1674 1842 suae
1701 1782 1884 1867 quieti
1930 1796 1991 1846 et
2027 1796 2191 1846 tran·

248 1865 500 1951 quilitati
571 1862 843 1950 publicae
901 1862 1254 1945 inserviret,
1315 1877 1527 1950 postea
1580 1889 1815 1951 quoque
1890 1867 2190 1954 privatum

248 1950 508 2012 officium
567 1946 901 2011 rationibus
963 1947 1327 2035 reipublicae
1397 1972 1700 2036 nunquam
1764 1974 1883 2014 non
1943 1951 2190 2041 postha-

247 2034 522 2096 biturum.

427 2249 469 2306 1)
501 2247 784 2296 Formulam
816 2263 995 2312 nempe
1021 2248 1288 2312 juramenti
1321 2250 1380 2298 de
1411 2265 1534 2314 pace
1564 2249 1786 2299 Eclesiae
1820 2253 2083 2312 servanda,
2126 2255 2188 2304 ad

243 2330 466 2380 instituta
498 2347 695 2395 quoque
728 2332 776 2381 d.
812 2332 1077 2396 Stephani,
1111 2340 1366 2382 extensam
1397 2334 1568 2383 fuisse.
1603 2335 1673 2383 De
1705 2335 1854 2384 veteri
1883 2335 2048 2401 itaque
2079 2338 2188 2387 for-

242 2415 373 2463 mula
403 2415 482 2464 illa
513 2431 636 2464 nova
668 2416 955 2465 accessione
986 2423 1128 2466 aucta
1158 2417 1365 2482 Engelio
1397 2434 1441 2467 c.
1478 2435 1525 2467 o.
1559 2418 1613 2467 P.
1649 2418 1693 2469 Ι.
1727 2434 1776 2483 p.
1807 2417 1928 2470 260
1960 2421 2022 2471 ad
2053 2422 2186 2472 hunc

241 2499 441 2548 modum
475 2500 734 2551 assentior,

1115 2611 1158 2685 g
1204 2613 1302 2668 28.

241 2775 406 2822 quam
446 2760 508 2808 in.
543 2760 641 2808 his
691 2760 1068 2819 honestatiS,
1110 2761 1460 2825 dignitatiS‚
1501 2763 1780 2826 gratique
1808 2760 2007 2812 'animi
2039 2764 2185 2814 ofri-

240 2843 465 2891 ciorum
509 2844 791 2892 habuerit
837 2845 1157 2903 rationem,
1210 2861 1312 2894 sua
1361 2860 1501 2909 erga
1531 2846 1862 2896 Manuelem
1908 2846 2185 2911 Impera-

1102 2935 1318 2987 torem,

413 3042 510 3102 Ab
544 3042 658 3102 hac
687 3042 991 3128 profectus
1026 3041 1197 3104 laude
1224 3043 1374 3105 Bela
1405 3065 1539 3105 eum
1571 3067 1639 3106 se
1666 3056 2017 3107 constanter
2043 3068 2182 3130 ges-

173 3158 179 3169 ν
237 3127 347 3200 sit,
401 3138 465 3187 ut
509 3149 640 3187 cum
671 3125 1024 3201 virtutibuS,
1071 3150 1221 3212 quae
1252 3130 1481 3212 regiam
1531 3128 1586 3190 di
1641 3128 1884 3191 nitatem
1929 3133 2183 3191 maxime

238 3223 486 3286 ornant,
540 3212 861 3274 excelleret
904 3210 1204 3285 omnibus3
1257 3225 1454 3274 tamen
1503 3213 1564 3273 in
1592 3152 1703 3275 {iis
1749 3212 1899 3300 ipsis
1941 3213 2185 3300 propria

237 3298 366 3379 ejus
402 3295 827 3378 quodammodo
859 3295 1140 3358 nobilitas
1171 3296 1637 3382 magnitudoque
1668 3310 1793 3359 tum
1829 3298 2026 3373 animi,
2054 3309 2179 3359 tum

238 3378 488 3463 ingenii,
541 3392 663 3442 tum
709 3379 940 3443 consilii
1002 3382 1295 3444 excellere
1354 3380 1670 3444 videretur.
1718 3386 2061 3466 Antequam
2103 3381 2177 3443 ad

237 3462 662 3547 capessendum
690 3465 1042 3549 Hungariae
1083 3466 1294 3527 solium
1331 3465 1447 3527 iter
1477 3466 1672 3541 iniret,
1707 3489 1813 3551 per
1834 3465 2173 3527 Manuelem
