2358 3874
312 213 413 266 xl}

314 353 467 414 pata,
503 361 608 398 nec
646 345 850 398 utiliter
887 353 1082 412 posset
1120 353 1308 396 castro
1347 346 1648 410 deservire,
1679 348 1824 400 sicut
1852 322 2101 413 deberet,
2133 345 2251 401 Nos

314 434 385 484 de
403 435 451 502 3)
493 464 557 472 -
606 463 666 470 —-
722 434 1014 501 quamdam
1057 440 1262 484 terram
1301 433 1472 485 castri
1510 432 1775 487 Karchan
1834 465 1900 474 —-
1937 438 1989 506 ’1)
2041 436 2251 489 vocita-

314 529 425 573 tam
534 550 601 558 ——
781 550 839 557 —
1026 550 1094 556 —
1271 549 1339 557 —-
1527 550 1586 558 —
1767 553 1828 560 --
2017 555 2081 561 —
2205 525 2252 591 ⁵)

314 625 417 676 per
462 609 696 660 eundem
748 607 1007 659 Ivancam
1047 605 1326 660 Curialem
1375 606 1644 660 Comitem
1696 617 1944 662 nostrum
2002 612 2251 680 percepi-

313 712 436 747 mus
474 726 540 733 -—
583 725 649 731 —
689 723 756 732 -
789 698 838 763 6)
897 694 1084 747 Prima
1128 703 1277 748 meta
1314 696 1505 764 incipit
1533 697 1701 765 juxta
1751 705 2049 768 stagnum,
2105 701 2252 768 quod

314 780 628 835 Zarazfuen
668 781 863 833 dicitur
954 812 1018 819 ——
1200 811 1261 819 —
1447 813 1509 820 —
1692 813 1758 822 -
1938 815 2004 822 ..-

316 899 382 907 .-
621 899 687 907 .-.
947 900 1015 907 .-.
1195 899 1260 907 .-.
1443 901 1505 908 -.
1688 901 1755 909 .-
1937 901 2000 911 ...
2206 876 2254 942 ’1)

311 956 441 1008 hinc
480 958 659 1008 eundo
703 958 775 1009 ad
815 966 1056 1026 quatuor
1098 987 1163 996 —
1187 988 1254 996 —-
1277 961 1324 1028 ⁸)
1362 957 1492 1012 hinc
1530 959 1684 1012 vadit
1711 960 1877 1030 juxta
1896 967 2101 1012 terram
2141 963 2255 1030 m9)

312 1061 477 1113 quam
516 1046 896 1112 pertransiens
933 1046 1086 1099 vadit
1124 1047 1197 1099 ad
1236 1055 1475 1116 quatuor
1516 1055 1696 1099 metas
1735 1077 1803 1085 ——-
1829 1075 1896 1085 -
1939 1047 2066 1100 hinc
2103 1048 2256 1101 vadit

311 1132 510 1184 iterum
549 1133 619 1184 ad
659 1149 760 1184 sex
800 1142 978 1185 metas
1017 1142 1071 1185 et
1106 1143 1405 1202 separatur
1459 1143 1513 1187 et
1554 1135 1708 1188 vadit
1731 1165 1794 1174 --
1841 1166 1906 1173 ——
1954 1166 2018 1173 —
2063 1167 2129 1174 —
2182 1140 2256 1206 ¹⁰)

311 1219 441 1271 hinc
478 1219 628 1272 vadit
676 1222 747 1272 ad
788 1238 1051 1291 magnum
1090 1221 1271 1286 viam,
1324 1239 1468 1291 quae
1507 1222 1657 1274 ducit
1693 1223 1764 1275 ad
1804 1222 2080 1276 Eclesiam
2119 1223 2255 1276 Bar-

312 1306 614 1359 tholomaei
652 1307 915 1376 Apostoli
941 1312 1015 1378 ¹¹)
1055 1311 1127 1362 ad
1166 1319 1406 1380 quatuor
1445 1319 1652 1375 metaS,
1693 1327 1834 1380 quas
1873 1312 2257 1380 pertransiens

313 1395 467 1447 vadit
493 1395 658 1464 juxta
696 1399 991 1465 quamdam
1029 1397 1177 1450 viam
1231 1399 1304 1451 ad
1343 1407 1583 1467 quatuor
1621 1408 1838 1464 metaS,
1892 1398 2038 1451 hinc·
2071 1408 2255 1451 autem

314 1483 466 1536 vadit
503 1485 574 1536 ad
613 1483 778 1536 aliam
798 1516 863 1523 -
893 1488 967 1554 12)
993 1486 1158 1551 viam,
1187 1503 1351 1556 quam
1390 1487 1776 1555 pertransiens
1813 1487 1986 1539 tendit
2021 1488 2094 1539 ad
2123 1504 2257 1556 qua-

315 1579 442 1624 tuor
480 1580 689 1636 metaS,
747 1571 876 1624 hinc
914 1575 1273 1645 progreditur
1323 1575 1392 1626 ad
1448 1576 1724 1644 quoddam
1767 1583 2059 1645 stagnum,
2111 1576 2258 1644 quod

314 1658 506 1728 Agtou
544 1659 744 1733 dicitur
781 1662 1092 1730 adquatuor
1129 1670 1340 1725 metaS‚
1378 1663 1525 1732 quod
1566 1663 1952 1730 pertransiens
1993 1662 2149 1716 vadit
2187 1663 2260 1715 ad

315 1755 431 1798 tres
470 1754 650 1798 metas
676 1747 842 1816 juxta
891 1747 1026 1800 illud
1073 1749 1218 1800 idem
1258 1758 1550 1819 stagnum,
1604 1748 1733 1801 hinc
1772 1750 1925 1802 vadit
1975 1753 2048 1803 ad
2086 1752 2256 1820 quod-

316 1835 442 1886 dam
494 1842 714 1902 pratum
753 1837 900 1904 quod
938 1835 1095 1889 Kech
1135 1836 1331 1889 dicitur
1390 1839 1460 1889 ad
1514 1846 1629 1889 tres
1684 1846 1894 1902 metaS,
1943 1840 2087 1908 quod
2131 1855 2257 1908 per-

316 1922 593 1974 transiens
631 1923 782 1975 vadit
821 1925 891 1976 ad
932 1923 1040 1976 tria
1077 1923 1225 1989 loca,
1264 1924 1356 1977 ubi
1395 1933 1525 1977 sunt
1561 1941 1664 1977 sex
1703 1933 1886 1979 metae
1915 1926 2080 1997 juxta
2126 1925 2259 1979 illud

469 2192 514 2253 ³)
544 2193 755 2239 mandato
790 2193 967 2239 Domini
993 2195 1139 2240 nostri
1165 2195 1299 2241 Belae
1326 2195 1461 2256 Regis
1489 2196 1744 2256 Hungariae
1770 2197 1959 2244 illustris

467 2266 514 2327 4)
542 2266 760 2312 vocabulo
832 2284 834 2286 ·

472 2338 514 2400 5)
547 2339 674 2398 juxta
725 2340 929 2399 ejusdem
970 2347 1191 2387 terram
1231 2341 1710 2388 haereditariam
1762 2343 1850 2389 sihi
1902 2350 1949 2388 et
1999 2343 2117 2390 filius
2162 2344 2259 2390 suis

321 2412 508 2466 Simoni,
541 2413 795 2472 Seraphino
840 2420 886 2458 et
918 2414 1054 2459 Petro
1084 2414 1385 2468 contulimus,
1431 2421 1477 2460 et
1510 2415 1701 2461 eandem
1731 2423 1898 2462 terram
1935 2432 2021 2477 per
2055 2418 2259 2462 Ivancam

320 2484 544 2530 Curialem
587 2485 807 2531 Comitem
845 2493 1053 2532 nostrum
1092 2487 1423 2532 Posoniensem
1462 2494 1508 2533 et
1532 2488 1840 2549 Jo-hhagiones
1881 2481 2087 2548 ejusdem
2124 2488 2261 2535 castri

322 2558 493 2604 eisdem
520 2558 709 2604 fecimus
737 2559 959 2619 assignari
993 2560 1050 2606 ad
1081 2560 1170 2605 duo
1198 2566 1344 2606 aratra
1381 2560 1698 2608 sufficientem.
1751 2562 1889 2622 Cujus
1923 2569 2074 2609 terrae
2110 2569 2259 2608 metae

320 2631 437 2677 sieut

473 2702 518 2765 ⁶)
549 2706 614 2752 sie
639 2706 821 2751 vadunt.

472 2777 516 2838 ¹⁷)
547 2778 669 2838 quod
694 2779 1007 2839 pertransiens
1034 2779 1090 2825 ad
1118 2793 1197 2825 sex
1222 2787 1382 2835 metam,
1417 2780 1543 2840 juxta
1570 2788 1738 2828 terram
1765 2781 2056 2829 servientium
2084 2780 2261 2827 Domini

320 2850 453 2910 Regis
483 2850 538 2896 de
566 2852 740 2896 Karcha

475 2923 516 2982 8)
545 2930 689 2969 metas
719 2931 956 2986 separatur
983 2939 1007 2969 a
1033 2931 1155 2971 terra
1183 2925 1408 2971 dictorum
1436 2926 1727 2972 servientium

473 2996 518 3055 9)
548 2996 697 3041 Pouse

477 3067 547 3129 ¹⁰)
576 3069 622 3114 in
650 3068 826 3114 duobus
854 3069 981 3122 locis,
1011 3070 1116 3115 hinc
1141 3069 1261 3115 vadit
1286 3069 1343 3115 ad
1370 3083 1449 3115 sex
1475 3076 1619 3115 metas
1656 3077 1703 3116 et
1741 3076 2008 3131 separatur,
2052 3077 2099 3118 et
2142 3070 2262 3117 vadit

321 3142 377 3187 ad
404 3148 571 3187 terram
598 3141 768 3187 Kerecz
797 3148 844 3186 et
868 3143 1006 3201 Voge,
1038 3156 1154 3201 quae
1182 3143 1349 3188 Karcza
1378 3143 1541 3188 dicitur

477 3215 547 3274 ¹¹)
575 3214 950 3260 Bartholomaeus
990 3215 1216 3260 veteribus
1262 3216 1306 3260 in
1360 3216 1602 3261 vernaculo
1651 3217 1682 3261 B
1701 3223 1825 3262 arta
1842 3216 1884 3269 l;
1935 3224 2084 3262 terrae
2126 3216 2263 3276 igitur

322 3285 523 3332 Eelesiac
551 3287 811 3346 adjacentes
839 3288 1032 3333 Bartal
1059 3288 1265 3334 Karesa
1308 3288 1455 3334 dictae
1484 3296 1605 3334 sunt.
1646 3289 1759 3335 Hinc
1785 3289 1936 3334 Pucha
1965 3289 2113 3335 Bartal
2139 3289 2261 3334 anti—

323 3372 460 3417 quum
488 3375 570 3419 pro
597 3360 944 3406 Bartholomaeo
973 3361 1149 3416 Pucha;
1193 3362 1410 3407 Bartali
1450 3365 1544 3407 vas
1561 3364 1644 3415 ar,
1687 3361 1890 3408 Bartalos
1927 3368 2016 3408 cet.
2059 3362 2180 3407 Haec
2206 3362 2261 3406 ad

325 3432 576 3491 supplenda
602 3433 761 3478 Lexica
787 3439 960 3479 nostra.

482 3503 549 3562 12)
579 3518 787 3563 magnam
