2358 3874
314 199 502 253 XXVI

314 330 576 384 falsitatis
622 331 845 384 videant
894 337 951 379 et
1001 326 1296 396 diligenter
1342 324 1725 392 conspiciant,
1775 325 1823 376 si
1873 325 2054 377 dictae
2108 327 2250 379 duae

316 418 802 486 possessionariae
828 415 1150 483 ‚portioneS‚
1193 421 1431 480 excepta
1460 412 1606 464 dicta
1631 413 2084 480 possessionaria
2122 431 2250 482 por·

316 505 463 557 tione
515 505 641 557 dicti
681 505 875 556 Dubur
917 501 1191 569 emptitia,
1245 501 1393 568 apud
1449 500 1673 551 eosdem
1719 499 2035 552 Ladislaum
2085 499 2252 552 filium

316 591 601 644 Eustachii
622 600 676 642 et
695 590 838 642 filios
850 589 1194 657 Stephanum
1217 596 1272 639 et
1285 585 1623 639 Michaelem
1640 586 1947 655 aequaliter
1968 588 2253 658 etintegra

317 680 620 731 existerent
657 695 761 730 nec
800 677 910 729 ne?
950 676 1055 728 etsi
1094 676 1275 727 dictae
1314 675 1574 726 residuae
1608 674 2093 742 possessionariae
2126 693 2253 744 por-

316 766 523 829 tiones9
580 774 816 833 excepta
867 765 1014 816 dicta
1067 763 1520 832 possessionaria
1569 763 1824 835 portione
1883 763 2012 814 dicti
2060 762 2255 816 Dubur

315 852 585 919 emptitia,
637 854 788 921 apud
846 854 1070 904 eosdem
1125 850 1434 920 aequaliter
1494 858 1549 901 et
1598 849 1949 919 integraliter
1997 850 2258 902 inventae

314 939 538 1006 fuerint,
578 949 707 993 tunc
745 942 837 992 uni
878 941 1075 1010 cuique
1116 938 1262 1008 parti
1300 955 1462 996 suam
1501 937 2014 1006 possessionariam,
2048 937 2256 1006 portio-

313 1045 467 1092 nem,
516 1045 640 1079 cum
682 1029 934 1081 omnibus
983 1029 1100 1080 suis
1137 1027 1465 1080 utilitatibus
1510 1034 1565 1078 et
1605 1025 1952 1094 pertinentiis
1991 1033 2257 1089 statuant,

316 1123 484 1184 atque
521 1115 832 1185 relinquant
869 1125 1145 1184 perpetuo
1179 1115 1591 1183 possidendam.
1633 1112 1694 1164 Si
1724 1129 1860 1166 vero
1889 1112 2087 1165 dictam
2125 1129 2258 1182 pos-

315 1203 708 1255 sessionariam
762 1204 1073 1271 portionem
1131 1203 1260 1255 dicti
1297 1201 1540 1254 Ladislai
1592 1201 1645 1253 in
1696 1202 1842 1253 dicta
1893 1201 2258 1269 possessione

314 1288 537 1342 Karcza
588 1300 789 1344 vocata
831 1292 1156 1344 existentem
1190 1293 1339 1359 apud
1384 1291 1567 1359 ipsum
1606 1288 1914 1358 aequaliter
1951 1306 2074 1341 cum
2112 1289 2259 1342 dicta

316 1379 764 1446 possessionaria
790 1380 1044 1448 portione
1073 1397 1263 1432 eorum
1298 1378 1536 1431 filiorum
1564 1377 1839 1446 Stephani
1866 1386 1921 1430 et
1949 1376 2258 1445 MichaeliS‚

318 1474 555 1534 excepta
595 1467 742 1518 dicta
782 1468 1035 1536 portione
1078 1466 1527 1535 possessionaria
1576 1465 1814 1529 emtifia,
1872 1482 1984 1518 non
2035 1465 2259 1518 invene·

319 1553 444 1615 rint,
468 1562 522 1604 et
549 1553 732 1622 aliqua
765 1555 1040 1623 particula
1074 1563 1258 1606 terrae
1281 1572 1352 1605 ex
1373 1556 1568 1606 eadem
1587 1553 2007 1616 frustrarentur,
2034 1561 2164 1604 tunc
2193 1553 2260 1604 de

319 1640 764 1708 possessionaria
793 1644 1044 1710 portione
1063 1643 1331 1694 dictorum
1357 1641 1592 1694 filiorum
1610 1640 1883 1708 Stephani
1897 1649 1952 1692 et
1967 1639 2261 1693 Michaelis

319 1726 709 1794 haereditaria,
749 1740 989 1799 excepta
1028 1731 1173 1782 dicta
1213 1730 1466 1798 portione
1505 1728 1955 1798 possessionaria
1995 1728 2260 1796 emptitia,

228 1826 233 1829 ’
319 1825 715 1883 coaequantes,
777 1818 990 1877 Quibus
1032 1819 1359 1888 coaequatis
1405 1818 1698 1887 unicuique
1739 1817 1886 1885 parti
1931 1833 2090 1869 suam
2128 1832 2260 1885 pos-

318 1903 717 1956 sessionariam
757 1907 1069 1975 portionem
1107 1907 1284 1977 signis
1325 1906 1616 1958 metalibus
1656 1907 1727 1958 ab
1766 1904 1892 1957 aliis
1935 1904 2052 1960 suis
2090 1903 2260 1973 parti-

319 1992 424 2042 bus
464 1992 872 2063 distinguendo,
913 2004 966 2046 et
1004 1997 1322 2063 separando
1362 2012 1486 2046 cum
1514 1993 1769 2046 omnibus
1796 1993 1912 2044 suis
1937 1992 2261 2045 utilitatibus

322 2087 376 2130 et
413 2080 757 2147 pertinentiis
797 2091 1108 2134 statuerent
1148 2091 1203 2134 et
1241 2082 1613 2151 relinquerent
1659 2089 1933 2149 perpetuo
1971 2080 2259 2148 possiden-

322 2168 449 2220 dam
500 2172 790 2222 tenendam
838 2172 1052 2239 pariter
1091 2179 1146 2222 et
1191 2169 1501 2223 habendam
1542 2168 1715 2221 salvis
1766 2167 1991 2220 Juribus
2043 2167 2260 2219 alienis.

321 2254 594 2308 Exhibitis
617 2258 805 2327 itaque
823 2290 889 2296 —
913 2258 1173 2327 praefato
1188 2257 1446 2327 Capitulo
1466 2257 1758 2309 Ecclesiae
1779 2255 2140 2308 posoniensis
2168 2272 2259 2307 eo-

322 2360 443 2394 rum
466 2345 758 2397 amicitiam
785 2346 1087 2398 literatorie
1109 2347 1349 2415 petierat
1368 2353 1709 2408 reverenter,
1729 2351 1790 2396 ut
1815 2343 2061 2412 ipsorum
2085 2343 2261 2395 mitte-

322 2438 446 2481 rent
469 2430 720 2484 homines
743 2451 846 2502 pro
865 2420 1114 2504 utrisque
1138 2435 1391 2502 partibus
1411 2432 1741 2503 fidedignos,
1768 2431 1966 2500 quibus
1993 2447 2261 2500 praesen-

322 2517 470 2570 tibus
501 2519 700 2572 Petrus
739 2521 882 2573 filius
916 2522 1176 2575 Andreae
1217 2524 1284 2574 de
1319 2520 1849 2582 Erdewhatkarcza‚
1888 2528 1984 2572 aut
2015 2518 2262 2572 Michael

323 2603 466 2657 filius
485 2607 701 2660 Nicolai
732 2611 798 2660 de
820 2609 940 2662 Ech
975 2619 1070 2662 aut
1089 2610 1374 2661 Dionisius
1407 2608 1552 2660 filius
1577 2607 1784 2676 Balazy
1808 2606 1875 2659 d'e
1895 2606 2126 2660 Karcha
2157 2624 2262 2675 pro

325 2703 487 2762 parte
527 2695 655 2748 dicti
694 2696 937 2751 Ladislai
977 2698 1220 2761 ActoriS,
1259 2698 1390 2750 item
1419 2696 1589 2749 Beele
1620 2695 1764 2748 filius
1791 2695 1942 2747 Petri
1967 2697 2035 2747 de
2056 2693 2262 2764 Gungh

324 2781 415 2833 vel
453 2783 719 2836 Nicolaus
771 2785 915 2838 filius
963 2786 1157 2839 Jacobi
1209 2795 1306 2838 aut
1354 2784 1602 2837 Mathias
1658 2783 1803 2835 filius
1855 2781 2138 2851 Eustachij
2195 2783 2263 2834 de

328 2869 603 2923 Zerdahel
630 2891 733 2940 pro
755 2883 915 2941 parte
935 2875 1343 2942 praedictorum
1368 2866 1602 2924 filiorum
1616 2870 1884 2939 Stephani
1903 2878 1957 2922 et
1969 2868 2264 2922 Michaelis

326 2957 379 3008 in
415 2957 655 3013 Causam
697 2971 1064 3014 atti-actorum
1107 2962 1231 3013 aliis
1266 2960 1587 3013 absentibus
1626 2957 1957 3009 homines—
1985 2966 2040 3008 et
2070 2957 2263 3009 nostri.

325 3044 380 3096 in
431 3047 728 3114 praedictis
757 3049 981 3118 judiciis
1019 3049 1173 3100 Festi
1211 3048 1371 3100 Beati
1402 3046 1606 3098 Jaeobi
1646 3044 1907 3113 Apostoli
1946 3045 2263 3097 accedendo

330 3163 395 3170 -—
449 3135 519 3185 ad
571 3133 769 3187 faciem
823 3137 1200 3204 possessionis
1252 3135 1475 3187 Karcza
1533 3140 1905 3202 praenotatae
1958 3131 2262 3200 ,omniaque

328 3222 658 3287 praemissa9
700 3232 754 3275 et
794 3224 1015 3295 singula
1054 3224 1488 3292 praemissorum
1530 3221 1857 3291 exequenda
1879 3218 2030 3272 Juris
2058 3218 2260 3271 :ordine

329 3309 618 3373 mediante,
635 3320 688 3362 et
712 3313 781 3363 ab
805 3312 932 3364 hinc
952 3312 1125 3380 ipsius
1142 3310 1630 3380 possessionariae
1651 3307 2101 3361 reambulationis
2120 3305 2260 3358 revi-

328 3397 496 3448 sionis
537 3400 978 3469 coaequationiS,
1021 3408 1075 3452 et
1114 3399 1429 3452 statutionis
1469 3401 1670 3450 seriem
1707 3405 1872 3465 prout
1900 3394 2063 3448 fuerit
2098 3406 2262 3462 opor-

332 3492 550 3549 tunum,
591 3489 660 3538 ad
700 3487 839 3540 Svas
877 3488 1029 3539 Fest.
1071 3486 1228 3539 Beat.
1269 3486 1449 3556 Regis
1489 3483 1765 3553 Stephani
1804 3491 1972 3535 atunc
2010 3480 2261 3551 proxime
