2280 3918
1987 194 2066 253 51

164 363 332 404 usum
374 339 845 402 necessariarum
885 337 1058 399 nimis
1099 337 1555 424 quam-diviteS,
1591 340 1829 411 Curiam
1860 340 1946 400 Re
1996 341 2068 413 is,

160 426 294 489 dum
373 423 664 487 rovincias
713 423 935 500 obiret,
971 423 1201 508 inopem
1239 446 1403 496 esse3
1438 434 1637 501 cetera
1667 425 1918 506 Regum
1941 421 1960 483 i
1986 422 2068 485 lo*

157 534 287 573 rum
364 533 477 574 ona
514 510 734 572 intacta
757 516 832 590 3):
862 509 976 571 imo
1011 531 1150 570 vero
1191 506 1260 569 de
1293 507 1533 571 tributis
1571 520 1630 569 et
1670 499 2067 593 vectigalibus

155 595 364 680 regiiS,
396 609 463 659 ut
502 595 678 659 tertia
704 594 1032 658 Comitibus
1065 592 1466 679 parochianiS,
1506 593 1589 655 ita
1621 592 1937 680 Episcopis
1973 592 2069 655 de—

157 682 306 744 cima
352 682 589 745 decreta
616 687 699 761 4);
740 679 796 742 id
829 678 979 743 enim
999 727 1013 754 ‚
1046 691 1111 741 ut
1136 679 1415 765 Episcopi
1444 679 1515 742 de
1547 691 1757 765 quarta
1785 676 2070 741 duntaxat

155 790 327 854 opum
393 791 499 854 per
555 791 622 829 se
673 765 1112 851 acquisitarum*
1142 776 1310 850 parte
1363 763 1707 851 disponendi
1731 764 2070 827 facultatem

153 851 438 930 habeant,
480 851 768 937 reliquum
799 850 859 911 in
897 849 1121 912 bonum·
1157 849 1409 913 eclesiae
1457 851 1721 936 finesque
1753 849 1882 936 pios
1930 872 2066 912 con-

152 951 388 1002 vertere
443 948 786 1012 teneantur,
843 934 1113 1020 synodus
1174 934 1454 1021 auspiciis
1512 934 1823 998 Laurentii
1849 934 2066 997 Archi—

153 1024 412 1110 episcopi
449 1020 886 1108 Sti-igoniensis
930 1021 1087 1083 circa
1123 1044 1172 1082 a.
1207 1028 1370 1082 1112
1404 1021 1720 1097 celebrata,
1761 1023 1822 1083 in
1846 1044 1966 1108 ‘per
2009 1044 2067 1084 e-

152 1123 312 1172 tnam
345 1108 657 1194 aequitatis
695 1106 1049 1176 Pontificum
1081 1109 1432 1191 Hungariae
1477 1106 1604 1169 aevi
1637 1105 1794 1169 illius
1839 1044 2066 1170 laudiim

153 1194 476 1258 constituit.

149 1424 396 1473 venientes
429 1424 660 1488 copiam
699 1424 901 1473 honoris
939 1423 1171 1473 invenire.
1224 1423 1418 1474 Ibidem]
1440 1441 1546 1489 cap.
1586 1423 1679 1474 16.
1716 1426 1946 1475 Similiter
1975 1427 2065 1476 de-

146 1509 385 1559 crevimus
416 1509 631 1574 piscinas
655 1509 966 1559 monasteriis
988 1515 1040 1558 et
1063 1509 1268 1558 eclesiae
1292 1510 1445 1569 datast,
1473 1510 1588 1559 alias
1617 1510 1812 1575 quidem
1837 1511 2059 1572 reddere,
2123 1569 2131 1575 ἱ

147 1596 231 1644 sed
279 1595 580 1644 necessarias
613 1594 895 1659 quotidiano
942 1595 1144 1644 fratrum
1183 1595 1294 1644 usui
1334 1595 1626 1660 relinquere,
1672 1597 1868 1646 nullas
1897 1612 2060 1658 vero,

147 1680 263 1729 nisi
295 1681 661 1744 superfluas,
695 1680 978 1729 aufferre.

323 1765 373 1832 3)
407 1765 557 1815 Multo
588 1766 749 1830 itaque
782 1772 856 1814 est
885 1765 961 1814 lex
991 1765 1110 1814 haec
1140 1764 1511 1826 Hungarorum,
1554 1781 1697 1830 quam
1728 1766 1807 1816 illa
1844 1767 2062 1818 Franco-⁶

143 1866 250 1899 rum
282 1850 539 1900 liberalior.

319 1938 367 1996 4)
400 1934 432 1985 l.
467 1936 503 1984 Ι.
539 1951 647 1999 cap.
685 1934 780 1983 25.

1020 2117 1159 2192 §4

143 2268 368 2318 finibus
415 2269 711 2319 ditionum
755 2268 1230 2332 Hungaricarum
1278 2270 1348 2319 ad
1389 2270 1734 2321 Dalmatiam
1775 2273 2053 2338 p1·olatiS‚

49 2508 53 2511 ι
314 2429 712 2492 Colomannus
763 2442 1072 2505 strenuus»,
1123 2442 1185 2492 ut
1234 2451 1391 2492 nunc
1437 2429 1744 2494 admodum
1783 2431 2054 2511 vidimus,

133 2513 355 2599 jurium
412 2536 663 2578 coronae
720 2509 968 2591 vindex,
1026 2518 1303 2600 Petrum,
1359 2519 1565 2579 Banus
1623 2518 1816 2581 fuerat
1874 2522 2056 2583 Oroa-

142 2600 281 2676 tiae‚
326 2599 440 2663 fide
471 2600 747 2686 abrupta,
794 2622 894 2661 res
938 2622 1122 2662 novas
1161 2601 1496 2665 molientem
1538 2603 1766 2666 ferebat
1809 2617 2053 2667 eatenus

144 2685 335 2771 quoad
366 2685 559 2772 ipsum
604 2707 745 2747 cura
786 2684 1039 2748 tuendae
1081 2686 1392 2750 adversum
1437 2687 1838 2774 expeditiones
1881 2713 2053 2754 cruce

144 2770 517 2855 signatorum
546 2770 883 2835 securitatis
908 2771 1173 2857 publicae
1199 2772 1350 2835 domi
1379 2773 1698 2848 retinebat3
1725 2797 1857 2838 mox
1881 2775 2050 2855 enim,

143 2868 319 2953 atque
351 2849 422 2919 ab
470 2857 579 2919 hac
623 2860 792 2943 parte
826 2856 1007 2919 otium
1055 2870 1263 2919 nactus
1309 2871 1427 2935 est,
1475 2857 1618 2921 nihil
1659 2858 1862 2923 hahuit
1903 2862 2049 2925 anti-

148 2964 346 3026 quius»,
391 2965 562 3027 quam
606 2954 671 3005 ut
717 2940 990 3027 injuriam
1036 2954 1154 3004 tam
1192 2956 1450 3007 atrocem
1489 2944 1666 3008 armis
1709 2938 2047 3012 vindicaret.

142 3029 231 3089 Eo
272 3026 468 3113 itaque
507 3044 711 3104 caeSO‚
754 3039 812 3090 et
843 3026 996 3114 quod
1026 3052 1098 3091 ex
1130 3028 1530 3093 mediteranea
1563 3025 1803 3095 Croatia
1846 3032 2046 3096 deces-

144 3112 243 3190 sit,
276 3125 704 3200 recuperatum,
738 3125 796 3175 et
836 3113 1172 3178 continuato
1209 3115 1585 3179 victoriarum
1617 3135 1796 3180 cursu
1831 3124 1876 3196 1)
1901 3119 2043 3182 Dal-

324 3346 365 3404 1)
398 3343 610 3392 Thomas
649 3343 843 3393 Archid.
888 3344 1018 3409 Spala
1058 3344 1182 3394 Hist.
1225 3345 1422 3395 Samnn-
1474 3361 1517 3395 c.
1567 3344 1670 3395 172
1713 3347 2040 3399 Colomannus

144 3429 400 3492 proposuit
443 3436 594 3477 totam
641 3436 819 3478 terram
857 3444 1013 3494 usque
1054 3430 1114 3478 ad
1152 3436 1283 3479 mare
1322 3424 1642 3480 Dalmaticum
1691 3447 1778 3482 suo
1827 3431 2040 3484 dominio

146 3513 429 3576 subjugarez
472 3514 600 3563 venit
629 3529 745 3575 ergo
777 3529 887 3564 cum
918 3513 1070 3564 multo
1101 3530 1347 3565 armorum
1378 3522 1609 3580 apparatu
1642 3524 1688 3567 et
1718 3518 1924 3569 obtinuit
1954 3535 2040 3568 ce·-

1524 3592 1616 3650 ᾖ*
