2358 3874
1958 208 2060 260 XV

131 347 445 400 humillimis
496 345 951 413 suplicationibus
978 345 1258 412 'praedicti
1299 343 1571 412 Stephani
1611 343 1847 393 Nostrae
1891 342 2064 393 Maie—

132 436 260 487 stati
299 433 574 503 porrectis
613 432 909 485 favorabili
949 433 1158 501 pietate
1203 432 1476 484 exauditis
1516 431 1861 500 praedictum
1900 431 2065 498 privi-

131 522 333 591 legium
387 520 566 589 ipsius
605 520 731 572 Dni.
771 520 1016 572 Ladislai
1059 520 1238 591 Regis
1281 521 1530 573 videntes
1582 520 1762 587 ipsum
1812 536 1920 570 non
1973 521 2065 569 ab·

130 626 314 661 rasum
354 626 462 661 non
504 608 871 661 cancellatum
910 626 1015 661 nec
1067 609 1118 660 in
1166 608 1349 680 aliqua
1388 608 1473 659 sui
1512 616 1672 676 parte
1712 607 1961 660 vitiatum
2001 609 2068 658 de

120 684 300 748 ⁴verbo
350 698 420 748 ad
459 698 689 748 verbum
740 696 1132 764 praesentibus
1188 696 1454 748 insertum
1511 696 1693 764 quoad
1745 711 1937 746 omnes
1984 694 2069 745 sui

130 784 493 836 continentias
533 791 915 851 acceptaniuS‚
948 782 1308 847 ratificam11S‚
1350 792 1403 835 et
1437 784 1739 851 probamus
1778 783 2070 851 ipsumque

130 889 232 940 pro
274 872 471 923 eodem
510 871 678 922 Petro
720 880 774 922 et
812 870 932 921 suis
969 870 1307 922 haeredibus
1346 871 1530 941 Regia
1570 871 1901 923 auctoritate
1943 887 2068 938 per—

129 967 296 1026 petuo
337 957 743 1009 confirmamus·
804 956 935 1008 Sine
978 957 1323 1025 praejudicio
1367 958 1513 1027 juris
1554 957 1737 1010 alieni.
1798 958 1854 1010 ln
1905 958 2065 1027 cujus

129 1045 209 1097 rei
249 1045 586 1107 memoriam,
627 1053 1067 1113 perpetuamque
1106 1043 1420 1096 firmitatem
1463 1054 1793 1112 praesentes
1842 1061 2070 1095 conces-

130 1133 300 1184 simus
339 1131 531 1184 literas
568 1141 794 1183 nostras
834 1130 1220 1201 privilegiales
1252 1131 1487 1199 duplicis
1522 1141 1575 1183 et
1604 1131 1864 1183 autentici
1890 1130 2073 1201 Sigilli

130 1219 303 1272 nostri
343 1220 635 1272 munimine
679 1221 993 1271 roboratas·
1056 1219 1262 1271 Datum
1315 1237 1418 1288 per
1458 1236 1656 1271 manus
1695 1220 1975 1272 Venerab.
2016 1220 2069 1272 in

130 1306 353 1360 Christo
397 1308 582 1360 Patris
619 1306 746 1359 Dni.
785 1306 965 1358 Nicol.
1012 1306 1200 1375 Episc.
1239 1307 1430 1359 Eclae.
1473 1307 1717 1378 Zagrab.
1757 1307 1938 1359 Aulae
1976 1325 2072 1359 no·

130 1403 284 1446 strae
323 1394 463 1446 Vice
503 1392 839 1446 Cancellarii
892 1394 1075 1446 dilecti
1132 1403 1186 1446 et
1224 1393 1402 1447 fidelis
1449 1395 1626 1447 nostri
1665 1395 1772 1448 Ao.
1826 1395 1952 1447 Dni.
1994 1394 2072 1447 M.

132 1479 414 1534 CCCLVI.
450 1482 637 1551 quinto
668 1480 796 1533 Kal.
818 1481 1108 1533 Februarii
1147 1482 1306 1552 regni
1337 1491 1522 1534 autem
1550 1484 1726 1535 nostri
1751 1501 1859 1535 ano
1885 1483 2073 1553 quinto

134 1570 366 1622 decimo.
407 1569 701 1621 Venerbus
740 1569 794 1620 in
834 1569 964 1620 Xto.
1010 1569 1269 1622 Patribus
1310 1578 1364 1622 et
1396 1570 1647 1622 Dominis
1673 1571 1907 1623 Nicolao
1937 1570 2074 1622 Stri-

134 1657 421 1728 goniensi,
481 1655 776 1709 Colocensi
827 1655 971 1709 Sede
1016 1666 1252 1710 vacante
1302 1667 1356 1711 et
1407 1659 1697 1711 Dominico
1755 1659 2076 1728 Spalatensi

134 1744 623 1812 ArchiepiscopiS,
665 1743 895 1797 Nicolao
938 1744 1204 1815 Agriensi
1242 1745 1469 1798 Andrea
1510 1746 1914 1816 Transylvano.
1967 1747 2075 1799 De-

134 1833 328 1884 metrio
356 1832 682 1884 Varadiensi
723 1832 939 1884 Thoma
978 1833 1322 1886 Chanadien.
1362 1834 1596 1886 Nicolao
1631 1835 2075 1905 Quinqueeclesi.

134 1919 348 1974 Johane
387 1921 684 1989 Vespmse.
727 1920 974 1973 Colonia.
1015 1920 1348 1974 Jaurinensi.
1391 1922 1559 1975 Mich.
1601 1923 1884 1975 Vaciensi.
1941 1923 2076 1975 Fra-

134 2010 308 2062 tribus
364 2007 594 2076 Stepha.
669 2008 948 2074 Nitriensi.
1003 2009 1218 2075 Thoma
1273 2009 1545 2079 Syrmien.
1599 2011 1875 2064 Bosnensi
1931 2011 2077 2063 Sede

135 2106 372 2150 vacante
427 2106 481 2148 et
523 2096 712 2149 Blasio
754 2096 1052 2150 Tininiensi
1091 2098 1269 2167 Eppis
1308 2098 1483 2151 Eclas
1522 2099 1627 2151 Dei
1665 2099 1900 2151 feliciter
1938 2099 2074 2169 gub-

136 2185 297 2238 tibus.
337 2183 654 2255 Magnificis
694 2184 830 2237 viris
869 2185 987 2238 Nic.
1018 2185 1194 2238 Palno
1222 2190 1285 2247 19)
1326 2195 1379 2238 et
1415 2186 1540 2239 Jud.
1569 2186 1800 2239 Cuman.
1840 2186 2075 2239 Nicolao

135 2272 324 2325 Konth
361 2273 617 2343 VajVoda
657 2271 857 2324 Trslno
908 2283 962 2324 et
1002 2272 1156 2326 Com.
1218 2276 1285 2326 de
1326 2275 1577 2327 Zounok.
1619 2274 1816 2344 Cykon
1865 2274 2071 2346 Magro

138 2359 376 2413 Tavern.
426 2368 667 2412 nostror.
744 2358 806 2412 C.
860 2360 977 2413 Nic.
1034 2363 1102 2413 de
1157 2361 1339 2414 Zeech
1389 2362 1770 2431 .l11d.,Curiae
1828 2373 2075 2416 nostrae.

138 2447 259 2499 Nic.
301 2449 370 2498 de
408 2446 653 2499 Machou
703 2455 758 2499 et
796 2447 1028 2501 Nicolao
1079 2450 1247 2502 totius
1299 2448 1543 2503 Slavoae
1612 2461 1666 2503 et
1717 2450 1846 2505 Cro,
1888 2453 2076 2506 Banis,

139 2533 367 2585 Leukus
414 2533 602 2603 Dapif.
663 2544 717 2587 et
763 2535 1164 2589 Pinceharnar.
1224 2538 1386 2590 Dion.
1442 2539 1701 2609 Agazon.
1754 2550 1808 2593 et
1860 2540 2077 2593 Thoma

140 2621 265 2674 Jan.
304 2639 538 2674 noorum
577 2621 762 2694 Mgris
804 2640 872 2675 ac
914 2622 1138 2677 Simone
1178 2625 1288 2679 filio
1328 2626 1574 2679 Mauritii
1617 2627 1829 2679 Comite
1870 2628 2076 2681 Poson.

140 2707 375 2778 aliisque
416 2726 580 2779 quam
621 2710 870 2779 pluribus
910 2713 1067 2782 regni
1108 2714 1282 2766 nostri
1317 2712 1514 2767 Cottus
1554 2716 1866 2769 tenentibus
1899 2725 1952 2767 et
1980 2716 2076 2768 ho-

141 2813 326 2848 nores·

302 3052 364 3101 ¹⁹)
407 3052 621 3099 Palatino.
