2358 3874
266 206 489 261 XLVIII

267 357 335 392 ac
363 339 604 407 ‚alterius
648 339 895 410 cujusvis
936 348 1116 392 status
1157 349 1211 394 et
1250 344 1578 396 conditionis
1621 344 1960 412 hominibuS‚
2010 348 2206 417 quibus

265 437 598 496 praesentes
638 429 1028 490 ostenduntur,
1071 428 1309 481 salutem
1350 439 1403 482 et
1447 418 1704 500 gloriam.
1761 432 1898 486 Cum
1925 436 2064 506 justi
2102 454 2205 505 pro

264 515 482 584 injustis
523 524 576 566 et
612 515 818 566 innoxii
856 532 960 583 pro
1000 532 1221 567 reorum
1250 517 1574 570 excessibus
1600 536 1709 571 non
1735 522 1969 575 debeant
1997 523 2206 593 aliqua-

265 611 428 655 tenus
465 603 736 669 impediri,
775 601 1022 654 fidelitati
1059 603 1229 672 igitur
1267 604 1509 657 Vestrae
1549 604 1744 658 harum
1793 609 1939 660 serie
1977 609 2208 663 firmiter

266 689 607 757 praecipien.
648 690 979 740 comittimus
1008 698 1063 741 et
1090 693 1433 756 mandatnm,
1460 702 1732 761 quatenus
1759 695 1885 746 dum
1907 703 1962 746 et
1986 699 2205 765 quando

267 786 321 827 et
360 777 797 845 quotiescunque
824 775 1017 828 fideles
1055 778 1233 830 nostri
1259 779 1452 847 populi
1481 789 1536 831 et
1565 781 1922 851 jobagyones
1958 782 2024 833 in
2052 800 2206 850 per·-

266 863 571 915 tinentiis
613 861 842 914 Castri
883 864 1105 915 nostri
1147 864 1392 918 Poson.
1433 877 2008 921 comorantes'aut
2033 869 2206 922 homi-

264 966 365 1002 nes
414 965 516 1001 seu
573 948 880 1002 familiares
937 950 1186 1018 ipsorum
1238 954 1614 1020 praesentium
1673 954 2037 1022 exhibitorem
2101 975 2205 1026 pro

265 1038 504 1089 victuum
545 1054 772 1090 suorum
813 1039 1134 1090 necessaria
1175 1041 1484 1109 acquisitne
1525 1042 1780 1095 diversas
1819 1052 2014 1112 partes
2045 1044 2206 1114 regni

264 1125 439 1177 nostri
477 1124 904 1193 perlustranteS,
946 1144 1068 1177 cum
1109 1129 1275 1179 rebus
1315 1138 1370 1179 et
1409 1130 1686 1181 mercibus
1725 1130 1972 1198 ipsorum
2013 1133 2080 1183 ad
2110 1149 2205 1185 ve·
2247 1179 2250 1182 Δ

265 1221 415 1264 stras
453 1221 636 1264 terras
676 1222 884 1277 tenuta,
925 1214 1337 1282 possessioneS,
1375 1215 1639 1280 honoreS,
1682 1218 1736 1269 et
1762 1217 2097 1271 officiolatus
2137 1235 2205 1271 ac

266 1300 436 1352 vestri
474 1301 527 1352 in
570 1300 807 1352 medium
849 1302 1224 1369 pervenerint,
1270 1312 1471 1355 extunc
1498 1304 1656 1372 ipsos
1683 1322 1927 1374 suosque
1953 1305 2206 1357 homines

265 1397 319 1439 et
356 1387 662 1440 familiares
701 1397 1082 1457 praeattactos
1137 1392 1206 1441 ad
1248 1392 1570 1459 quorumvis
1620 1392 1938 1444 instantium
1987 1393 2041 1444 in
2079 1409 2204 1461 per·-

264 1477 417 1529 sonis
448 1477 699 1546 judicare
741 1476 830 1528 vel
876 1485 1064 1528 vestro
1108 1479 1334 1530 adstare
1365 1479 1636 1547 judicatui
1676 1479 2030 1547 compellere,
2085 1495 2203 1530 res·

264 1580 371 1632 quc
420 1573 474 1615 et
523 1564 756 1632 quaevis
810 1566 956 1616 bona
994 1564 1427 1616 mercimonialia
1479 1566 1726 1632 ipsorum
1775 1565 2109 1633 populorum
2150 1574 2205 1617 et

253 1651 620 1721 jobagionum
672 1660 987 1702 nostrorum
1044 1660 1300 1703 arestare
1343 1668 1444 1702 seu
1485 1651 1767 1720 prohiberi
1825 1651 2017 1703 facere
2076 1669 2204 1704 nus—

263 1755 427 1807 quam
486 1747 539 1790 et
588 1755 936 1807 nequaquam
976 1739 1378 1806 praesumatiS,
1429 1757 1535 1791 nec
1583 1740 1704 1791 sitis
1743 1740 1866 1792 ausi
1906 1741 2068 1792 modo
2106 1739 2204 1793 ali·

263 1825 447 1895 quali3
503 1826 794 1895 signanter
852 1842 954 1893 pro
996 1826 1222 1887 debitis,
1265 1826 1506 1890 delictis,
1558 1844 1661 1879 seu
1701 1827 2028 1879 excessibus
2068 1827 2202 1879 alio·

262 1930 420 1976 rum3
483 1913 530 1964 si
570 1914 662 1982 qui
702 1913 843 1964 enim
886 1913 1177 1982 quicquam
1230 1914 1463 1966 actionis
1512 1914 1602 1967 vel
1655 1914 1960 1983 questionis
2009 1924 2205 1967 contra

262 2010 520 2053 anotatos
575 2000 815 2069 populos
867 2009 922 2052 et
968 2001 1339 2070 jobagioneS‚
1393 2001 1756 2070 hominesque
1808 2011 1863 2053 et
1901 2000 2203 2054 familiares

261 2091 509 2158 ipsorum
548 2088 754 2140 habent
795 2087 881 2140 vel
918 2085 1243 2151 habuerint3
1284 2088 1341 2139 hi
1379 2089 1433 2140 id
1474 2089 1525 2140 in
1555 2090 1875 2156 praesentia
1904 2089 2109 2158 judicis
2150 2097 2204 2139 et

252 2179 567 2247 juratorum
606 2176 660 2226 in
702 2164 865 2226 Sede'
876 2174 1172 2243 judiciaria
1212 2175 1461 2242 ipsorum
1497 2175 1746 2245 legitime
1774 2184 2201 2245 prosequantur,

263 2282 332 2316 ex
373 2272 530 2331 parte
570 2278 800 2331 quorum
841 2262 987 2313 omni
1026 2270 1222 2313 contra
1260 2262 1417 2330 ipsos
1457 2263 1854 2330 quaerulantes
1894 2264 2029 2315 meri
2059 2262 2204 2333 juris

264 2361 320 2403 et
346 2350 596 2421 justitiae
649 2367 717 2400 ac
766 2349 985 2400 debitae
1025 2347 1426 2401 satisfactionis
1473 2349 1936 2417 complementum
1978 2349 2202 2402 exhibe·

263 2441 396 2491 bunt
434 2447 600 2507 prout
639 2436 863 2488 dictabit
901 2436 1036 2487 ordo
1065 2436 1230 2505 juris.
1289 2437 1593 2488 Praeterea
1632 2436 1758 2505 quia
1806 2437 1968 2488 iidem
2010 2436 2203 2506 populi

265 2535 320 2579 et
348 2526 687 2596 jobagiones
743 2524 920 2576 nostri
972 2524 1198 2593 antiqua
1251 2524 1521 2576 libertatis
1573 2541 1763 2576 eorum
1805 2523 2202 2594 praerogativa

262 2632 364 2682 per
423 2614 582 2666 divos
620 2606 816 2683 Reges
856 2612 1176 2683 Hungariae
1227 2622 1453 2664 nostros
1511 2611 1742 2663 feliciter
1796 2612 2203 2663 praecessores

261 2719 331 2754 ac
371 2702 531 2753 etiam
560 2718 663 2769 per
688 2708 979 2769 paternam
1000 2700 1354 2769 Majestatem
1378 2700 1517 2768 ipsis
1538 2699 1787 2769 gratiose
1811 2713 2088 2750 concessa
2116 2714 2201 2748 re-

265 2789 470 2857 quirer.
508 2805 543 2839 a
583 2788 856 2840 solutione
896 2787 1190 2857 cujuslibet
1229 2788 1412 2839 tributi
1453 2797 1507 2838 et
1545 2786 1733 2838 telonii
1772 2794 1883 2837 tam
1910 2801 2012 2852 per
2038 2801 2201 2852 prae·

262 2892 394 2927 sens
434 2876 695 2944 propriiS,
736 2891 901 2944 quam
941 2876 1009 2926 de
1049 2877 1219 2927 rebus
1260 2874 1513 2927 ethonis
1543 2874 1792 2941 ipsorum
1819 2871 2199 2923 mercimonia—

261 2962 406 3016 libus
445 2962 564 3014 fieri
603 2964 765 3014 debet
811 2962 1032 3030 penitus
1085 2971 1139 3013 et
1189 2979 1292 3030 per
1343 2961 1526 3012 omnia
1581 2948 1801 3027 excepti
1850 2975 1975 3010 esse
2016 2957 2200 3027 perhi-

264 3053 462 3103 bentur
502 3059 557 3101 et
594 3049 908 3117 supportati
934 3068 947 3110 3
988 3049 1111 3100 ideo
1152 3049 1311 3100 vobis
1338 3047 1611 3099 universis
1637 3045 1874 3116 singulis
1901 3046 2201 3098 tributariis

262 3135 467 3190 nostris
507 3129 724 3188 scilicet
767 3144 821 3187 et
861 3135 1096 3186 aliorum
1136 3150 1586 3204 quorumcunque
1640 3134 1693 3185 in
1735 3134 1897 3185 terris
1938 3142 1991 3184 et
2028 3149 2200 3200 super

263 3226 422 3293 aquis
455 3224 677 3277 ubilibet
702 3223 1013 3275 constitutis
1048 3232 1102 3275 et
1144 3223 1503 3275 existentibus
1535 3223 1908 3290 praesentium
1952 3220 2198 3272 notitiam

261 3311 530 3363 habituris
569 3311 836 3363 similibus
876 3311 1100 3362 nostriis
1139 3310 1335 3381 Regiis
1375 3312 1570 3362 damus
1616 3309 1669 3360 in
1712 3307 2017 3371 mandatiS,
2067 3324 2197 3376 qua-

266 3407 424 3449 tenus
463 3416 498 3451 a
538 3398 810 3466 praefatis
850 3397 1074 3466 populis
1122 3407 1176 3449 et
1217 3397 1617 3467 jobagionibus
1665 3396 1910 3459 nostris,
1968 3393 2195 3446 homini-

263 3486 473 3553 busque
514 3495 568 3535 et
607 3479 972 3537 familiaribus
1011 3502 1113 3536 nec
1152 3501 1260 3536 non
1301 3484 1462 3536 bonis
1501 3493 1557 3535 et
1594 3484 1763 3535 rebus
1802 3482 2102 3533 eorundem
2141 3480 2194 3531 in
