2358 3874
1972 213 2098 269 207

171 356 413 415 Patrem
466 344 706 437 op'erae3
740 371 847 435 per
868 345 1218 410 Ladislaum
1263 359 1323 409 et
1372 344 1675 409 Andream
1728 348 1802 410 ad
1839 349 2096 436 inopiam

166 434 536 499 auctoritatis
560 434 766 519 regiae
801 431 1010 494 harum
1034 430 1233 493 saltim
1271 454 1381 518 ope
1414 431 1867 495 sustentandam
1898 434 2095 512 factiS,

169 533 394 584 tantum
428 542 545 582 non
571 522 810 605 penitus
846 516 1229 592 exinanitum,
1264 528 1324 578 et
1356 516 1455 602 qui
1484 515 1716 578 nobiles
1751 530 1928 581 antea
1948 519 2097 581 Joh-

169 605 458 689 bagiones
516 603 700 666 castri
747 602 1141 676 vocabantur,
1211 600 1483 686 plerique
1528 604 1656 686 jam
1711 601 1772 663 in
1832 602 2097 665 ordinem

167 687 475 752 Nobilium
531 687 708 773 regni
774 698 835 749 et
898 683 1299 748 Servientium
1356 686 1651 770 regalium
1707 686 1918 750 merito
1986 710 2096 749 suo

167 776 426 859 cooptati
459 795 591 834 cum
623 783 858 845 essent3
905 770 1153 831 formam
1192 767 1566 832 Judiciorum
1607 769 1680 832 ad
1710 770 1868 834 hanc
1905 772 2096 859 aptari

166 857 614 921 conversionem
652 877 853 918 rerum
894 853 1171 940 oportuit.
1238 855 1988 940 comprovincialiter,
2038 856 2099 919 id

168 966 307 1004 vero
340 953 459 1004 est:
505 940 762 1004 omnium
797 940 954 1000 intra
986 939 1138 999 fines
1172 938 1434 1022 ejusdem
1465 938 1803 1024 provinciae
1833 942 2098 1005 libero-

166 1050 312 1088 rum
344 1024 756 1101 consensione,
781 1045 968 1108 usque
994 1020 1576 1085 adbucAssessores
1595 1035 1827 1086 tantum
1847 1026 1920 1088 ad
1941 1027 2096 1088 Con-

167 1110 558 1195 gregationes
595 1107 1006 1171 Palatinorum
1041 1106 1209 1180 lecti3
1251 1108 1488 1170 Causae
1528 1131 1729 1170 rerum
1761 1109 2098 1206 capitalium

164 1197 510 1281 pleraeque,
555 1206 614 1256 et
646 1193 851 1255 civiles
880 1191 1192 1254 Nobilium
1221 1191 1408 1255 ferme
1440 1214 1644 1255 omnes
1683 1193 1745 1254 in
1780 1193 1876 1256 his
1909 1194 2098 1257 disce-

163 1293 401 1365 ptatae3
450 1278 1094 1362 Congregationesque
1132 1277 1530 1339 Comitatuum
1570 1277 1887 1362 plurimum
1920 1278 2098 1341 simul

78 1394 80 1398 ’
165 1387 299 1425 cum
354 1363 449 1424 his
502 1362 787 1425 celebrati
826 1373 983 1423 sunt.
1033 1363 1130 1422 Ex
1166 1362 1356 1424 veteri
1403 1361 1787 1425 observantia
1824 1363 1937 1425 hac
1970 1366 2098 1448 jam

165 1448 354 1510 laxari
384 1445 622 1530 aliquid,
650 1445 999 1530 initiumque
1040 1457 1149 1507 art.
1185 1453 1281 1508 16.
1327 1452 1488 1508 1291
1525 1458 1585 1508 et
1621 1455 1719 1508 32.
1755 1454 1924 1512 1298
1964 1448 2098 1510 fieri

163 1531 401 1619 placuit.
438 1530 548 1593 lllo
574 1529 930 1606 decernitur,
962 1541 1047 1604 ut,
1072 1527 1125 1590 si
1148 1530 1461 1592 Palatinus
1493 1529 1566 1592 ad
1596 1531 1926 1594 faciendum
1941 1531 2098 1617 judi-

80 1613 84 1616 ’
163 1617 318 1679 cium
353 1615 744 1701 processerit,
774 1614 835 1676 in
866 1613 1130 1700 qualibet
1169 1614 1475 1700 provincia
1505 1628 1760 1700 quatuor
1798 1619 1843 1679 J
1854 1616 2096 1680 udices

163 1699 479 1787 deputati
509 1722 639 1761 cum
663 1699 894 1762 Comite
924 1697 1251 1784 parochiali
1281 1722 1480 1762 coram
1503 1699 1717 1764 adesse
1742 1714 1801 1764 et
1820 1701 2096 1787 judicare

162 1785 432 1848 debeant.
484 1785 665 1847 Alter
696 1785 780 1845 ita
812 1782 1022 1846 habet:
1072 1806 1328 1860 „omnes
1361 1806 1584 1847 causae
1639 1784 1714 1847 ad
1752 1786 2099 1848 Palatinum

163 1870 300 1932 dum
350 1868 688 1956 provincias
722 1868 979 1954 judicat,
1019 1868 1115 1930 vel
1152 1881 1319 1946 tunc,
1374 1867 1510 1930 dum
1558 1893 1673 1931 non
1702 1870 1961 1967 judicat,
2015 1870 2098 1934 ad

161 1953 608 2039 parochiales
647 1953 929 2039 judices
976 1952 1451 2016 referantur.“
1505 1954 1620 2031 Qui
1659 1954 1718 2016 hi
1767 1954 1889 2017 sint
1919 1978 2097 2040 quae-

160 2039 288 2100 ris?
327 2041 544 2101 Comes
573 2051 667 2100 est
746 2037 1065 2100 arochialis
1097 2060 1207 2100 seu
1237 2038 1395 2123 ipse,
1428 2061 1538 2102 seu
1568 2036 1829 2102 viCarius
1861 2052 1921 2103 et
1953 2063 2094 2126 qua-

164 2134 300 2185 tuor
328 2122 579 2186 Judices
608 2061 917 2185 Nolbilium
952 2144 1026 2186 ex
1057 2135 1165 2184 art.
1202 2131 1254 2184 l.
1290 2130 1456 2185 1291
1492 2124 1711 2200 exorti,
1751 2148 2002 2209 quorum
2033 2136 2100 2186 ut

164 2220 302 2270 ante
340 2208 558 2284 nullae,
592 2207 681 2268 sic
709 2219 849 2293 post
887 2205 1155 2269 conditas
1188 2206 1360 2290 leges
1392 2204 1505 2267 has
1536 2207 1824 2293 plurimae
1855 2208 1967 2270 hac
1993 2231 2099 2271 ex—

161 2304 325 2354 stant
365 2292 554 2354 forma
576 2291 785 2353 literae
814 2297 878 2370 1).
911 2290 991 2352 Hi
1022 2312 1130 2375 per
1166 2290 1449 2376 populum
1479 2291 1647 2369 lecti,
1694 2293 2098 2378 praesenti-

158 2375 291 2437 bus
341 2375 510 2437 aliis
551 2374 760 2438 etiam
807 2375 988 2437 viris
1034 2373 1389 2438 discretis
1437 2387 1508 2438 et
1552 2375 1986 2458 honestis2),
2026 2377 2097 2441 de

340 2561 384 2621 1)
414 2559 530 2609 Vide
560 2559 725 2609 literas
766 2559 972 2609 Comitis
1003 2559 1272 2609 Hontensis
1318 2567 1366 2610 et
1415 2561 1645 2610 Judicum
1690 2567 1903 2624 quatuor
1939 2560 2097 2610 Nobi-

158 2645 275 2693 lium
310 2643 532 2709 ejusdem
564 2644 837 2694 Comitatus
861 2644 1018 2708 (VIII.
1053 2639 1110 2693 4.
1141 2660 1192 2709 p.
1218 2640 1364 2705 368)
1398 2651 1446 2695 et
1478 2660 1602 2709 quas
1633 2643 1683 2692 in
1713 2644 1949 2694 Mantissa
1979 2645 2096 2695 alias

160 2729 470 2793 subjungam.

334 2815 382 2874 2)
416 2812 594 2869 Quales
626 2813 675 2861 in
708 2813 860 2862 literis
879 2813 1062 2862 Detrici
1094 2813 1302 2863 Curialis
1328 2812 1533 2863 Comitis
1567 2819 1615 2862 et
1639 2819 1851 2877 quatuor
1867 2814 2095 2864 Judicum

162 2895 438 2946 Comitatus
468 2896 652 2947 Poson.
687 2913 731 2947 a.
772 2894 926 2947 1301
967 2897 1108 2946 editis
1141 2897 1289 2959 (VIII.
1330 2895 1383 2947 1.
1417 2913 1468 2962 p.
1506 2894 1610 2959 83)
1642 2904 1982 2948 recensentur.
2024 2898 2096 2947 Ex

160 2980 338 3045 quibus
370 2996 668 3044 cognoscas:
704 2982 744 3031 si
777 2997 923 3031 causa
953 2982 1082 3031 inter
1115 2981 1410 3031 Udvarnicos
1442 2981 1698 3046 agebatur,
1740 2981 1921 3031 horum
1966 2998 2095 3046 quo—

161 3080 254 3128 que
295 3065 578 3113 Seniores
621 3065 681 3114 ad
706 3064 946 3129 judicium
976 3066 1221 3115 adhibitos
1261 3081 1391 3115 esse.
1438 3066 1627 3116 Literas
1665 3072 1776 3115 ante
1816 3081 1894 3114 me
1935 3066 2091 3114 habeo

159 3148 376 3211 Magistri
406 3148 537 3196 Beke
560 3149 766 3197 Curialis
792 3149 996 3199 Comitis
1029 3157 1077 3198 et
1108 3156 1320 3214 quatuor
1341 3150 1570 3199 Judicum
1590 3149 1835 3198 Nobilium
1857 3149 1915 3196 (le
1940 3149 2094 3212 vaar

159 3248 203 3280 a.
251 3228 415 3281 1313·
453 3232 788 3296 conscriptaS‚
839 3222 1016 3296 quibus
1060 3233 1302 3281 Comitem
1342 3233 1590 3282 Matheum
1639 3233 1698 3280 de
1746 3232 1950 3295 Hongor
1979 3232 2092 3280 Vice

159 3315 379 3365 Judicem
414 3331 557 3364 suum
599 3322 646 3364 et
683 3315 925 3364 Comitem
957 3316 1112 3379 Begy,
1153 3332 1305 3364 unum
1347 3330 1406 3364 ex
1437 3322 1647 3379 quatuor
1681 3315 1936 3365 Judicibus
1977 3331 2089 3364 cum

160 3399 270 3448 Vice
301 3400 655 3450 Archidiacono
695 3400 756 3448 ad
794 3401 1129 3463 exequendam
1172 3400 1232 3448 de
1272 3400 1385 3449 dote
1418 3400 1710 3450 sententiam
1751 3399 1883 3450 sedis
1924 3415 2090 3450 sacrae

161 3483 433 3533 exmittunt.
