2280 3918
483 937 601 1003 IX.
652 933 879 1002 REX
931 931 1688 1006 COLOMANNUS

728 1089 785 1138 ab
817 1104 943 1139 anno
980 1084 1424 1140 1095—1114.
1627 1029 1630 1032 .

992 1253 1048 1329 ς
1097 1258 1149 1311 1.

245 1409 459 1473 Geyzae
504 1407 696 1466 filius,
745 1405 1128 1470 amplissimis
1173 1421 1199 1454 a
1245 1411 1452 1454 natura
1498 1411 1554 1455 et
1597 1405 1916 1467 industria,

297 1568 486 1630 Filius
524 1566 644 1630 suit,
675 1569 950 1649 Geyzae,
1019 1564 1171 1651 quod
1218 1563 1425 1627 literas
1470 1563 1746 1627 assiduus
1794 1567 2033 1642 coleret,

131 1654 311 1739 vulgo
344 1656 636 1738 Konyves
663 1652 919 1714 Kalman
950 1649 1157 1714 dictus
1203 1654 1376 1712 Hunc
1404 1649 1691 1712 Albricus
1723 1650 1783 1712 in
1812 1675 1923 1713 sua
1962 1651 2036 1713 ad

129 1738 650 1826 Archipraesulem
674 1735 1147 1821 strigoniensem
1171 1734 1564 1822 Seraphinum
1593 1736 1842 1822 epistola
1864 1736 2036 1800 Chri-

132 1824 582 1900 stianissimum‚
631 1818 994 1884 columbinae
1037 1824 1263 1906 Regem
1303 1820 1559 1906 gratiae,
1608 1821 1879 1907 omnique
1919 1822 2036 1883 vir-

125 1921 318 1972 tutum
342 1909 705 1972 ¹discretione
740 1907 1099 1993 praeditum3
1148 1905 1518 1970 Godofredus
1549 1906 1760 1969 Abbas
1785 1907 2036 1970 Zobori-

129 1995 292 2059 ensis
317 1994 833 2080 gloriosissimum,
869 2015 1037 2079 quem
1065 1995 1232 2055 Deus
1257 1991 1670 2055 inaestimabili
1694 1992 2035 2079 temporalis

129 2093 188 2144 et
226 2093 503 2144 aeternae
541 2078 767 2166 gloriae
806 2077 1139 2140 sanctitatis
1184 2078 1380 2163 gratia
1415 2084 1460 2157 ¹)
1505 2078 1795 2164 perfudit,
1828 2077 2034 2141 'victo-

126 2166 552 2242 riosissimum,
628 2177 688 2226 et
739 2187 952 2226 rursus
1007 2163 1500 2250 plenum'gratia
1555 2175 1614 2225 et
1671 2163 2033 2250 piissimum3

129 2251 426 2338 Magister
462 2254 760 2337 Rogerius
798 2262 1138 2326 sanctum,
1194 2272 1394 2312 omnes
1438 2248 1636 2334 itaque
1670 2249 2036 2334 singularem

131 2337 298 2423 quasi
334 2337 403 2400 de
444 2338 603 2405 caelo
632 2335 924 2398 hominem
954 2335 1234 2421 apellant,
1274 2338 1404 2412 Quo
1434 2335 1626 2396 minus
1656 2333 1896 2398 serenda
1921 2346 2034 2412 est,

131 2446 199 2486 ea
234 2422 507 2507 anonymi
541 2420 862 2484 Thuroczii
893 2445 927 2483 a
955 2421 1320 2507 temporibus
1359 2419 1450 2481 his
1480 2421 1813 2483 seculorum
1854 2420 2035 2483 inter-

130 2508 282 2570 vallo
328 2510 537 2569 remoti
577 2506 878 2583 vecordia,
935 2505 1366 2592 credulitasque
1400 2505 1660 2569 Bonfinii
1692 2506 2036 2570 commentis

128 2593 285 2655 illius
331 2593 501 2656 fidem
545 2591 876 2654 adhibentis
911 2599 998 2671 2),
1050 2604 1117 2654 ut
1163 2604 1461 2678 tamquam
1504 2591 1737 2678 aliquod
1781 2591 2035 2655 hominis

126 2753 265 2760 ——-—-
461 2755 582 2760 ——
590 2753 683 2760 .-—--

309 2837 355 2908 1)
387 2839 637 2889 Piissimus
668 2839 717 2889 in
749 2840 795 2890 d.
832 2839 1133 2904 Stephanum
1163 2838 1480 2904 Protoregem
1514 2839 1766 2901 Hartvi00‚
1807 2847 1861 2890 ut
1890 2840 2033 2890 vitam

131 2924 238 2989 ejus
269 2920 588 2986 describeret,
637 2932 808 2975 auctor
844 2925 949 2974 fuit.
997 2925 1066 2974 Ita
1098 2925 1352 2975 Hartvicus
1390 2925 1524 2989 ipse:
1572 2925 1642 2975 De
1672 2926 2033 2975 necessitudine

131 3010 257 3058 inter
305 3010 656 3061 Colomannum
696 3018 745 3060 et
782 3027 822 3060 s,
862 3011 1100 3061 Joannem
1151 3011 1526 3075 Traguriensem
1571 3011 1677 3061 vide
1723 3011 1861 3076 plura
1905 3011 2033 3075 apud
2095 3026 2097 3029 ’

131 3094 373 3143 Farlatum
403 3094 459 3144 Τ.
494 3096 568 3145 lv.
603 3112 652 3159 p.
690 3092 828 3146 313.

308 3181 354 3241 2)
401 3179 722 3230 Confutarunt
751 3181 843 3231 hos
875 3182 948 3231 Cl.
981 3183 1158 3247 Xystus
1198 3181 1446 3232 Schierius
1477 3188 1525 3231 et
1553 3182 1625 3231 vel
1653 3181 1876 3245 inprimis
1909 3179 2035 3229 Cor-

132 3265 368 3323 nidesiuS‚
414 3264 463 3314 in
494 3265 698 3315 Dissert.
740 3281 832 3330 qua
871 3266 991 3330 Reg.
1033 3267 1194 3332 Hung.
1241 3283 1341 3316 sec.
1374 3266 1457 3315 XI.
1491 3264 1820 3331 genealogiam
1851 3264 1910 3314 ab
1942 3265 2035 3314 ob-

127 3349 423 3414 jectionibus
456 3349 680 3400 Ganoczii
708 3350 932 3400 vindicat.
965 3351 1070 3401 Hoc
1096 3358 1359 3415 praeeunte
1394 3350 1656 3400 Katonaius
1683 3364 1876 3415 quoque
1905 3350 2032 3414 (vide

124 3434 391 3499 Epitomen
423 3435 528 3500 ejus
558 3451 654 3485 rer.
688 3434 840 3501 hung.
874 3435 926 3485 P.
949 3435 987 3485 Ι.
1013 3451 1063 3500 p.
1096 3433 1245 3503 250)
1278 3435 1632 3485 Colomannum
1665 3435 2033 3501 praeclaris-

135 3520 339 3569 simum
372 3520 705 3586 Principem
737 3527 785 3570 et
814 3520 1339 3586 incomparabilem
1371 3521 1580 3586 Regem
1601 3528 1755 3573 vocat.
1789 3521 1849 3571 Hi
1867 3521 2030 3582 ambe,
