2358 3874
1996 188 2117 242 183

179 323 459 410 spoliata)
506 342 805 407 suspensa
847 322 1107 396 fuerant,
1149 333 1596 397 restaurentur,
1639 322 1970 407 portionem
2014 325 2118 386 tri-

178 407 307 470 buti
335 407 395 468 in
424 404 587 478 Fuk3
627 404 761 467 aliis
793 428 935 468 vero
967 404 1158 467 literis
1197 405 1646 490 possessionem
1676 408 1888 469 Korus
1930 406 2119 470 eidem

175 490 449 556 Eclesiae
481 489 732 552 contulit
760 497 829 568 3).
881 489 1247 573 Magistrum
1279 490 1536 552 Paulum
1565 490 1769 575 legum
1793 493 2120 554 Doctorem

178 589 237 639 et
267 575 686 662 Praepositum
717 573 1286 659 Veszpremiensem
1330 574 1403 636 ob
1446 574 1744 670 insignem
1790 575 2122 638 doctrinam

180 682 538 747 operamque
569 658 657 721 rei
702 658 1003 721 literariae
1033 658 1402 743 praestitam,
1435 659 1708 744 plumbus
1740 660 1801 720 in
1830 659 2014 723 Faisz
2061 674 2121 723 et

177 747 408 807 Vamos
440 742 638 806 fundis
671 741 909 806 donavit
933 750 1002 821 ⁴).
1044 742 1356 804 Nobilium
1386 766 1716 819 numerum,
1750 744 1905 829 quod
1936 745 2120 807 rebus

178 828 461 914 angustis
491 827 703 891 horum
735 831 987 890 maxime
1032 826 1179 903 fide,
1233 839 1293 890 et
1340 827 1562 892 virtute
1595 829 1915 907 niteretur,
1967 829 2120 893 haud

178 913 470 977 modicum
503 912 770 977 dilatavit
789 920 858 992 5).

358 1188 405 1247 3)
437 1185 628 1235 Literae
666 1185 759 1234 hae
791 1184 847 1234 C.
882 1183 941 1233 D.
975 1184 1075 1232 Vll.
1110 1201 1153 1232 v.
1191 1183 1245 1232 2.
1280 1187 1331 1248 p.
1369 1183 1424 1232 2.
1461 1186 1781 1235 continentur
1816 1202 1908 1251 per
1946 1188 2122 1246 virum,

180 1271 405 1335 quisquis
436 1270 515 1319 ille
546 1269 708 1330 fuerit,
743 1268 871 1333 juris
904 1267 1057 1317 civilis
1087 1267 1296 1318 Romani
1327 1269 1710 1332 peritissimum,
1757 1285 1814 1319 ex
1846 1287 1945 1335 quo
1980 1287 2128 1320 exor-

180 1355 316 1405 dium
348 1370 515 1404 earum
549 1354 743 1404 sumsit.
776 1353 915 1402 Patet
946 1368 1005 1401 ex
1033 1352 1112 1401 his
1143 1368 1188 1401 a.
1217 1350 1377 1402 1276
1410 1353 1463 1402 in
1496 1355 1710 1418 capitulo
1741 1354 1965 1404 Eclesiae
1997 1355 2126 1404 illius

180 1439 422 1489 Doctores
448 1438 576 1503 juris
610 1437 847 1488 Canonici
878 1444 928 1487 et
958 1436 1110 1486 civilis
1142 1437 1293 1486 fuisse
1326 1437 1624 1501 quindecim.

355 1567 406 1626 4)
431 1564 712 1635 *Literarum
762 1580 914 1628 super
960 1563 1224 1612 donatione
1283 1563 1374 1612 hac
1413 1564 1654 1613 editarum
1693 1565 1885 1614 initium
1926 1566 1990 1615 ita
2037 1568 2130 1615 ha-

111 1664 117 1675 ·
180 1650 266 1700 het
298 1649 664 1715 „Amplitudini
696 1648 921 1712 congruit
953 1647 1133 1712 Regiae
1153 1636 1438 1712 MajestatiS,
1474 1648 1605 1698 viros
1638 1650 1890 1699 doctrinae
1922 1650 2132 1715 dapibus

181 1734 395 1783 refectos
437 1750 553 1783 suae
594 1733 816 1783 excolere
854 1731 1222 1782 munificentiae
1262 1733 1528 1792 donativis,
1574 1740 1628 1783 ut
1668 1734 1787 1783 dum
1825 1735 1953 1784 intra
1993 1735 2132 1799 regni

184 1824 349 1882 septa,
385 1833 502 1867 suae
542 1818 791 1867 luculenta
823 1817 1055 1866 scientiae
1089 1817 1336 1878 doctrina,
1378 1817 1655 1882 exstirpatis
1688 1818 1814 1867 vitiis
1863 1819 2131 1883 plantando

183 1902 408 1963 virtuteS,
442 1903 589 1952 veluti
622 1902 857 1967 splendor
886 1901 1112 1951 fulserint
1142 1902 1454 1963 firmamenti,
1496 1902 1635 1966 quasi
1667 1902 1836 1952 stellae
1869 1903 1919 1952 in
1950 1919 2135 1968 perpe-

183 1994 296 2037 tuas
329 1987 642 2037 aeternitates
675 1985 913 2045 mansuri,
946 2001 1036 2050 per
1059 1985 1305 2050 legitimos
1339 1986 1577 2046 tramiteS‚
1614 1987 2019 2041 calumniantium
2050 1987 2133 2036 in-

186 2072 416 2136 iquitates
457 2072 784 2136 expellenteS,
835 2070 895 2119 ad
937 2069 1178 2134 justitiam
1227 2070 1416 2121 valeant
1461 2071 1703 2136 plurimos
1752 2072 2016 2122 e1·udire“.
2059 2100 2129 2107 -Α

187 2155 458 2208 Librariam
487 2156 637 2221 hujus
669 2155 1026 2220 supellectilem
1068 2155 1199 2204 mille
1238 2154 1429 2205 fnarcas
1468 2155 1677 2204 valuisse
1718 2156 1887 2205 literae
1927 2172 2136 2222 praece—
2180 2151 2190 2155 ”

187 2240 361 2291 dentes
391 2246 652 2290 testantur.

372 2369 419 2427 ὃ)
452 2365 585 2415 Haec
616 2381 672 2415 ex
705 2342 858 2415 literis
889 2365 997 2430 ejus
1028 2383 1072 2416 a.
1114 2364 1272 2417 1279
1308 2368 1386 2428 (V.
1422 2384 1464 2417 v.
1502 2365 1556 2416 2.
1591 2383 1641 2432 p.
1682 2361 1827 2427 501»)
1859 2366 2083 2415 exaratis.

1069 2645 1111 2719 g
1159 2647 1255 2702 12.

798 2794 1192 2847 meritissimo
1231 2795 1540 2859 ·appellat;

369 2959 537 3017 Haec
566 2958 797 3039 Regem
842 2954 1391 3039 peradolescentem
1437 2976 1512 3016 ex
1555 2951 1718 3015 sonte
1762 2951 2143 3014 consiliorum

199 3035 393 3100 adhuc
418 3037 670 3100 fluxisse
703 3038 992 3124 probant,
1035 3061 1186 3123 quae
1216 3035 1571 3123 procedere,
1613 3036 1740 3098 nisi.
1769 3036 1843 3098 ab
1885 3035 2145 3121 optimis,

199 3120 406 3207 probis
439 3134 602 3184 certe
633 3123 806 3198 viris,
847 3146 964 3184 non
996 3135 1291 3208 poterant.
1354 3121 1520 3185 Idem
1550 3120 1941 3183 Archiofficia
1970 3118 2146 3202 regni

200 3206 274 3269 ad
306 3206 695 3269 imitationem
719 3210 1090 3269 Francorum
1120 3207 1181 3268 in
1194 3205 1515 3290 Hungaria
1544 3205 1823 3266 instituta
1854 3226 1992 3265 esse
2014 3224 2146 3264 cum

200 3290 599 3375 intelligeret,
638 3290 1070 3374 Magistratum
1113 3312 1290 3364 ver0,
1342 3289 1436 3350 cui
1476 3289 1537 3350 in
1570 3288 1767 3352 Gallia
1795 3286 1993 3349 minus
2024 3309 2146 3349 am-

202 3376 383 3461 plum,
415 3397 526 3438 nec
557 3386 677 3438 tam
709 3375 828 3437 late
860 3386 1095 3459 patens,
1128 3376 1214 3436 uti
1247 3372 1524 3437 Palatino
1561 3372 1621 3434 in
1652 3371 1990 3457 Hungaria,
2023 3394 2145 3433 mu—
