2358 3874
1958 208 2080 265 187

138 363 521 431 jussionibus
590 370 650 413 et
725 361 1134 427 beneplacitis
1201 375 1399 424 aequo
1475 357 1693 408 ordine
1774 352 2080 417 ministrare;

146 450 587 512 solemnemque
619 462 752 497 cum
794 448 1041 496 armatis
1085 444 1387 495 militibus
1417 443 1539 507 Regi
1569 458 1626 491 ac
1657 441 1828 506 Regno
1861 441 2082 491 exhibuit

143 533 498 583 famulatum
535 532 586 580 in
623 532 932 596 expeditione
981 538 1150 581 contra
1199 530 1382 593 Regem
1421 527 1819 586 Bohoemorum‚
1868 524 1953 575 ubi
2001 525 2082 574 hic

145 615 383 666 exitialem
415 616 560 666 vitam
594 616 829 666 exolvit.“

1015 722 1058 798 §
1104 725 1201 781 14.

811 872 1061 924 uberius
1106 871 1409 936 expensiS‚

250 1035 384 1109 Quo
403 1029 599 1116 magis
620 1030 881 1093 mirabar
898 1028 1214 1115 aliquando
1233 1028 1561 1090 Peteriium
1587 1033 1669 1091 ita
1691 1029 1764 1093 de
1779 1032 2085 1091 Pazmano

46 1155 57 1166 =
142 1117 438 1179 Pontifice
468 1115 877 1200 strigoniensi
907 1114 1120 1176 summi
1149 1112 1426 1190 nominis,
1447 1111 1922 1201 Philippinisque
1948 1136 2086 1175 con-

144 1200 559 1264 stitutionibus
590 1200 685 1263 his
716 1201 1129 1275 disserentem,
1162 1210 1228 1261 ut
1263 1220 1393 1259 cum
1425 1199 1782 1261 sententiam
1797 1197 2087 1260 Pazmani

142 1285 203 1347 in
234 1286 411 1360 omni,
444 1307 594 1371 quae
626 1285 700 1348 de
731 1283 1106 1348 conferendis
1130 1282 1438 1345 beneficiis
1470 1283 1862 1346 eclesiasticis
1892 1282 2084 1344 susci-

143 1369 326 1455 pitur,
352 1369 803 1454 disceptatione,
827 1393 933 1455 pro
955 1367 1391 1454 antiquissimo,
1415 1381 1824 1467 perpetuoque
1845 1372 2083 1453 Regum

143 1457 280 1516 Hun
334 1456 496 1516 ariae
522 1453 781 1538 eligendi
812 1454 1126 1515 Praelatos
1159 1464 1219 1514 et
1248 1452 1540 1514 beneficia
1564 1451 1905 1516 conserendi
1932 1457 2085 1516 Jure

144 1476 419 1601 stanffum
460 1560 597 1600 esse
641 1536 1062 1623 praecipientis
1105 1535 1335 1623 prolixe
1377 1535 1580 1598 laudat
1610 1545 1676 1617 ¹),
1716 1537 1869 1599 scita
1909 1537 2083 1599 simul

143 1623 342 1685 laudet
375 1620 659 1708 Philippi,
692 1622 910 1707 quihus
941 1620 1086 1683 nihil
1119 1620 1374 1705 cogitari
1405 1632 1609 1707 potest
1634 1622 1970 1686 sententiae
2000 1621 2085 1683 illi

145 1706 461 1770 adversum
506 1707 719 1791 magis.
777 1704 926 1781 Sed,
975 1704 1131 1792 quod
1178 1709 1307 1790 ejus
1349 1709 1592 1790 assequi
1642 1710 1906 1768 auctoris
1948 1729 2086 1769 con-

146 1791 340 1853 silium
373 1790 471 1854 diu
501 1793 904 1877 nequiveram,
927 1794 1049 1877 jam
1075 1803 1269 1853 tenen.
1300 1792 1528 1853 Notam
1558 1791 1611 1852 is
1638 1791 1902 1853 criticam
1927 1789 2086 1877 capi-

143 1878 329 1939 tulum
362 1876 872 1940 Constitutionum
902 1875 1162 1962 Philippi
1191 1875 1460 1960 quintum
1486 1873 1773 1938 decimum
1806 1900 1922 1951 „ne
1952 1875 2085 1962 quis

146 1961 497 2024 heneficium
550 1960 1008 2024 Eclesiasticuin
1066 1959 1318 2056 accipiat
1385 1959 1456 2022 de
1508 1983 1688 2022 manu
1748 1961 2084 2023 laicorum“

144 2047 455 2110 ferientem
476 2047 548 2108 ad
579 2045 1063 2108 constitutionem
1083 2045 1333 2107 similem
1345 2044 1685 2108 F.Gentilis
1698 2046 2088 2132 Apostolicae

151 2131 328 2194 Sedis
354 2130 576 2216 Legati
603 2131 731 2206 „de
756 2130 1203 2194 ordinatione
1221 2130 1493 2192 vacantis
1522 2130 1797 2193 Eclesiae
1819 2154 1928 2216 per
1950 2154 2088 2217 pro-

147 2215 460 2292 visionem,
502 2217 878 2292 electionem,
917 2228 1020 2277 aut
1057 2213 1519 2301 postulationem
1561 2215 1886 2278 faciunda“
1937 2215 2086 2278 indi-

149 2312 244 2363 cat
274 2323 590 2363 nervosam
631 2323 788 2376 eam,
832 2312 892 2362 et
930 2321 1080 2385 quae
1119 2298 1177 2361 vi
1217 2322 1330 2361 sua
1358 2312 1480 2362 tam
1519 2300 1638 2362 late
1678 2312 1979 2387 patentet,
2019 2312 2088 2363 ut

146 2407 264 2447 non
297 2384 471 2447 modo
510 2384 648 2460 hoc,
697 2385 803 2448 sed
845 2384 1040 2447 omnia
1076 2381 1555 2471 Philippinarum
1594 2385 2088 2448 constitutionum

148 2473 370 2566 capita,
429 2492 580 2554 quae
637 2469 916 2555 superius
970 2467 1308 2554 attigimuS,
1366 2469 1675 2531 convellat.
1731 2472 1938 2555 Atque
1994 2482 2089 2533 est

150 2565 327 2616 etiarn
368 2553 553 2628 aliud,
597 2557 658 2614 in
691 2576 805 2638 quo
837 2566 1046 2616 auctor
1075 2553 1129 2614 is
1161 2577 1278 2616 non
1311 2553 1491 2639 plane
1516 2553 1662 2615 nihil
1693 2577 1728 2615 a
1758 2576 1825 2615 se
1857 2553 2089 2617 deside-

151 2637 274 2700 rari
304 2659 524 2724 passus
557 2650 669 2700 est.
710 2638 812 2700 Ad
850 2638 1187 2725 Capitulum
1215 2650 1452 2699 sextum
1483 2660 1668 2724 supra
1698 2638 2089 2724 quadragesi-

147 2745 305 2784 mum
349 2720 469 2797 „de
507 2722 608 2798 iis,
658 2722 733 2784 ad
774 2745 925 2808 quos
964 2722 1341 2808 sepeliendos
1382 2721 1647 2807 exigitur
1692 2745 1811 2784 una
1847 2723 2090 2785 marcha

150 2806 441 2892 argenti“
486 2807 765 2883 abusum,
816 2806 1246 2891 avaritiamque
1282 2805 1442 2868 hanc
1480 2806 1776 2869 sublatam
1828 2807 2088 2894 capitulo

148 2889 263 2952 hoc
306 2913 445 2952 esse
485 2890 696 2954 innuit.
756 2892 1115 2967 pervellem,
1166 2892 1251 2954 ita
1290 2914 1392 2953 res
1425 2914 1493 2952 se
1532 2891 1809 2965 haberet3
1854 2892 1963 2955 sed
2014 2915 2089 2955 ex

148 2987 319 3037 textu
359 2977 604 3059 capituli
645 2975 823 3061 hujus
862 2976 1166 3063 propalam
1213 2988 1332 3039 est:
1379 2975 1720 3063 Philippum
1770 2977 2088 3058 barbaram

150 3059 639 3122 consuetudinem
671 3059 824 3122 hanc
862 3084 981 3124 non
1012 3061 1373 3146 abrogasse3
1413 3084 1618 3124 verum
1652 3061 1724 3123 de
1755 3084 1825 3124 eo
1857 3074 2089 3124 tantum

148 3143 504 3230 providisse,
537 3166 612 3206 ne
643 3143 791 3207 haec
831 3145 905 3207 ad
944 3146 1094 3208 alios
1134 3145 1339 3222 etiam,
1380 3146 1480 3231 qui
1517 3145 1761 3208 fulmine
1791 3144 2087 3230 percussi,

337 3328 378 3386 ¹)
412 3325 558 3376 Sacra
607 3327 824 3377 Concilia
872 3327 979 3377 Ecl.
1030 3328 1194 3393 Hung.
1245 3327 1304 3377 ad
1353 3335 1565 3378 aetatem
1606 3327 1779 3392 Steph.
1813 3327 1897 3377 111.
1941 3327 2088 3391 Regis

150 3425 259 3475 pag.
288 3407 364 3459 75
398 3425 504 3475 seq.
533 3411 658 3461 Cum
689 3411 886 3476 quibuS‚
921 3427 1102 3477 operae
1133 3412 1347 3477 pretium
1379 3412 1572 3474 feceriS,
1609 3413 1650 3462 si
1675 3411 1935 3463 Roszhirtii
1967 3428 2013 3462 c.
2037 3428 2085 3462 o,

150 3499 180 3553 s
215 3491 331 3544 168
365 3502 411 3544 et
441 3499 471 3554 S
506 3491 621 3547 173
657 3496 948 3546 contendas,
