2358 3874
284 228 368 281 84

289 366 715 447 Hungarorum
769 359 826 419 id
876 380 1013 420 esse
1067 354 1500 431 contendebat,
1551 378 1806 440 regnum
1866 367 1931 418 ut
1982 378 2100 418 non
2153 353 2227 417 ad

288 446 494 521 filium,
529 445 634 507 sed
671 444 915 505 fratrem
948 439 1209 503 defuncti
1242 439 1433 524 Regis
1467 440 1832 502 devolvatur.
1899 439 2226 526 Exemplis,

292 554 443 616 quae
473 531 626 592 hanc
673 528 733 589 in
772 550 897 589 rem
932 549 1050 587 non
1090 522 1372 598 deerant,
1411 522 1764 608 largitiones
1813 525 2229 610 promissaque

291 616 575 700 ampliora
625 625 684 674 et
736 611 1052 684 maximaS,
1115 631 1262 693 quas
1301 607 1374 670 ad
1420 608 1638 670 limites
1700 609 2071 682 ostentabat,
2134 630 2229 668 co-

293 700 425 785 pias
465 696 702 761 addidit.
751 699 882 771 Quo
904 694 1175 769 sactum,
1211 705 1275 755 ut
1307 715 1448 778 pars
1483 692 1738 754 maxima
1779 695 2230 778 Hungarorum,

293 782 451 867 quod
489 783 582 844 his
626 803 803 866 pares
840 779 1039 841 subito
1070 799 1369 862 opponere
1399 777 1558 838 vires
1589 775 1999 861 nequiverant,
2032 788 2099 837 ut
2130 775 2232 836 ali-

293 866 430 951 quid
484 864 785 928 Manuelis
847 863 1043 949 gratia
1094 862 1300 946 egisse
1354 860 1733 937 viderentur,
1761 862 1986 946 jusque
2057 859 2233 921 simul

293 951 518 1013 liberae
553 948 863 1012 electionis
899 948 1132 1009 salvum
1166 958 1509 1021 servarent,
1542 968 1661 1007 non
1693 944 1926 1030 quidem
1981 942 2234 1029 Stepha-

294 1058 430 1096 num
467 1035 541 1097 ob
574 1037 888 1119 conjugem
934 1054 1215 1117 graecam
1253 1030 1537 1104 invisum,
1585 1028 1693 1091 sed
1725 1029 2076 1091 Ladislaum
2112 1028 2229 1089 fra-

294 1132 446 1181 trem
489 1123 645 1204 ejuS,
695 1141 729 1178 a
775 1140 889 1202 quo
929 1115 1166 1201 graecis
1212 1115 1351 1176 licet
1407 1114 1723 1177 informato
1772 1113 2038 1176 moribus
2093 1134 2235 1200 prae

292 1204 476 1265 fratre
508 1202 752 1265 meliora
792 1200 1240 1286 exspectabant,
1279 1202 1506 1283 Regem
1543 1198 1940 1261 declararunt.

1164 1404 1207 1478 §
1253 1407 1352 1461 22.

749 1556 815 1604 ab
863 1555 1027 1604 obitu
1076 1553 1255 1618 hujus
1303 1555 1646 1619 Stephanus
1687 1555 1760 1604 w.

466 1717 670 1797 Atque
712 1713 772 1774 hi
810 1713 935 1774 fere
979 1725 1177 1788 erant,
1222 1711 1318 1796 qui
1348 1712 1636 1774 Ladislao
1677 1711 1875 1797 paullo
1906 1722 2045 1797 post
2075 1734 2231 1774 mor-

294 1812 432 1872 tuo,
477 1797 770 1881 suffragia
809 1819 917 1857 sua
958 1796 1018 1856 in
1063 1796 1435 1882 Stephanum
1470 1800 1580 1859 lV.
1615 1796 2028 1869 contulerunt3
2075 1794 2235 1858 hunc

293 1904 504 1966 nempe
535 1884 762 1965 Regem
804 1880 1043 1953 habere,
1077 1904 1250 1965 quam
1278 1881 1563 1943 instantis
1604 1903 1782 1942 secus
1825 1881 1965 1942 belli
1999 1880 2233 1942 calami-

292 1969 401 2028 tati
457 1965 714 2050 objicere
757 1965 1179 2051 rempublicam
1217 1966 1564 2028 maluerant.
1629 1970 1780 2027 Erat
1832 1976 2030 2027 tamen
2081 1965 2232 2028 bene

295 2073 512 2135 magna
536 2055 964 2135 Hungarorum
1005 2073 1148 2135 pars
1194 2050 1370 2112 etiam
1414 2062 1541 2113 tum
1572 2048 1880 2135 Stephano
1916 2053 2027 2111 ΙΙΙ.
2072 2049 2231 2111 addi-

295 2135 580 2197 ctissima.
629 2138 856 2197 Contra
889 2132 1000 2197 hos
1032 2134 1379 2220 Stephanus
1409 2135 1520 2197 IV.
1557 2137 1928 2197 Graecorum
1958 2133 2234 2218 implora-

293 2219 398 2281 bat
429 2220 731 2296 auxilium,
766 2219 1088 2305 eademque
1120 2242 1302 2305 opera
1331 2242 1500 2280 suam
1543 2219 1719 2280 simul
1750 2218 2073 2304 perniciem
2112 2240 2233 2280 ma-

298 2305 552 2367 turabat.
598 2305 828 2367 Audita
859 2305 1011 2367 enim
1044 2304 1281 2366 illorum
1319 2302 1760 2365 adventantium
1794 2303 1969 2379 fama,
2010 2302 2109 2388 qui
2134 2302 2233 2365 ad-

294 2412 509 2451 versae
547 2389 742 2475 partis
783 2402 972 2464 erant,
1020 2389 1094 2451 ad
1134 2388 1350 2473 quietis
1380 2387 1636 2473 fideique
1673 2387 1934 2473 speciem
1970 2410 2039 2450 se
2078 2410 2234 2449 com-

294 2486 656 2555 posuerunt,
704 2474 810 2536 sed
843 2487 908 2536 ut
937 2477 1067 2536 Rex
1097 2472 1402 2558 impetrari
1450 2496 1485 2534 a
1516 2497 1583 2535 se
1613 2495 1834 2559 passus
1866 2484 1988 2548 est,
2032 2471 2234 2558 copias

300 2557 429 2633 haS,
456 2570 522 2619 ut
546 2558 780 2620 domum
812 2557 1163 2633 remitteret,
1195 2559 1382 2620 multo
1413 2557 1613 2619 acrius
1645 2555 1864 2642 questi,
1897 2557 2090 2641 palam
2105 2564 2233 2639 jam

296 2664 461 2704 esse:
495 2643 547 2703 si
567 2642 938 2728 Stephanum
956 2646 1067 2704 lV.
1101 2665 1362 2726 regnare
1395 2641 1614 2716 sinant,
1646 2641 1988 2703 Manuelem
2029 2640 2234 2703 Domi-

297 2750 434 2788 num
464 2725 795 2802 habiturOS,
843 2729 1045 2813 plures
1078 2726 1152 2788 ad
1187 2726 1499 2789 fovendam
1527 2725 1819 2811 Stephani
1852 2729 1961 2785 ΙΙΙ.
1994 2748 2233 2786 causam

299 2810 617 2887 adducunt,
650 2813 992 2897 praelioque
1031 2811 1177 2874 inito
1208 2810 1552 2897 superiores
1585 2809 1956 2895 Stephanum
1993 2812 2101 2870 ln.
2142 2832 2232 2870 re-

297 2898 570 2957 stituunt.
1483 2926 1487 2930 ·

1168 3015 1210 3089 g
1256 3019 1353 3073 23.

298 3153 527 3216 hocque
576 3168 760 3217 regno
808 3160 1041 3213 exacto,
1090 3168 1329 3203 rursum
1378 3153 1725 3217 Stephanus
1774 3153 1857 3202 ΙΙΙ.
1893 3152 2231 3217 Hungariae

1123 3239 1402 3301 praefuit.

469 3394 1033 3482 Manuelpropositi
1065 3395 1136 3458 de
1169 3397 1484 3482 Hungaria
1516 3396 1630 3459 sibi
1665 3419 1899 3482 quoquo
1929 3394 2102 3458 modo
2136 3417 2231 3456 as-

301 3478 553 3540 serenda
595 3492 802 3555 tenax,
835 3481 909 3542 ab
942 3481 1143 3556 armis,
1178 3504 1329 3566 quae
1360 3505 1468 3568 per
1487 3480 1855 3567 Stephanum
1876 3483 1987 3542 lV.
2024 3502 2231 3542 exora-
