2358 3874
296 227 419 284 156

295 364 543 450 quilibet
578 363 636 426 in
673 387 782 427 suo
821 376 985 427 certo
1022 376 1187 425 statu
1229 375 1289 425 et
1329 385 1574 425 numero
1616 386 1762 426 suae
1807 360 2106 425 libertatis
2143 363 2227 425 os-

294 448 429 511 licia
459 450 589 511 sine
620 448 966 533 gravamine
1007 446 1288 510 exhibere
1327 447 1580 509 valeat“
1615 457 1660 525 ¹)
1694 447 2072 511 considerato
2108 469 2225 508 ma-

295 557 446 619 gno,
480 546 545 596 ut
586 533 693 611 ait,
735 545 794 596 et
830 531 1026 594 inutili
1061 532 1383 593 multorum
1429 530 1980 616 Jobbagionum
2033 530 2228 616 equi-

295 630 437 680 tum
483 616 830 680 monasterii
861 616 958 677 sui
1001 614 1073 678 de
1106 615 1352 699 Tihany
1388 637 1666 690 numero,
1713 616 2026 678 accersitis
2075 639 2230 678 anno

297 708 462 763 1267
487 701 547 762 in
577 699 977 787 praesentiam
1010 722 1179 761 suam
1200 711 1322 761 tam
1341 698 1586 761 Abbate
1618 711 1676 761 et
1697 701 2029 775 Conventa,
2055 723 2227 784 quam

297 785 594 847 universis
638 784 847 847 iisdem
897 784 1101 847 Jobba
1149 782 1404 860 ionibuS,
1451 784 1755 869 praecepit
1788 785 2118 846 Laurentio
2164 787 2229 847 C.
2279 836 2283 840 .

295 867 592 944 Palatino,
630 881 695 931 ut
733 872 951 932 ceteris
981 868 1102 932 Job
1150 868 1467 954 agionibus
1516 869 1577 930 in
1611 868 2076 932 conditionarios
2129 893 2230 955 po-

294 953 465 1038 pulos
506 951 786 1030 redactiS,
826 952 1132 1016 duodecim
1169 977 1243 1016 ex
1274 952 1348 1014 iis
1386 951 1658 1038 eligeret,
1696 953 1794 1039 qui
1832 952 1939 1029 „in
1976 952 2232 1038 jobba-

277 1036 596 1122 'gionatu
656 1050 727 1101 et
773 1038 1019 1101 officio
1067 1037 1394 1123 equestri
1440 1038 1768 1100 secundum
1810 1060 2033 1100 morem
2077 1037 2233 1100 anti-

297 1144 476 1206 quum
521 1121 1060 1207 relinquerentur.“
1110 1125 1450 1185 paruerunt
1479 1122 1899 1207 Jobbagiones
1942 1145 2123 1184 unum
2173 1122 2233 1185 id

296 1217 591 1291 petentes,
621 1218 689 1267 ut
717 1230 792 1269 ne
826 1206 899 1268 ad
927 1206 1236 1292 popularia
1261 1218 1321 1268 et
1345 1205 1775 1269 conditionaria
1794 1207 2041 1269 servitia
2063 1207 2233 1291 igno-

296 1289 548 1352 miniosa
613 1289 1103 1364 detruderentur3
1173 1291 1430 1376 aliquam
1487 1291 1689 1377 potius
1748 1291 2235 1377 perscribendam

297 1373 610 1460 pecuniam
645 1374 876 1438 Abbati
910 1375 1229 1461 quotannis
1277 1375 1612 1461 depensuri.
1677 1379 1898 1464 Neque
1934 1375 2131 1438 minus
2173 1374 2235 1437 hi

302 1457 418 1519 sibi
453 1459 684 1545 prolixe
723 1460 794 1523 de
826 1463 956 1546 ejus
992 1460 1298 1523 voluntate
1337 1461 1772 1546 promiserunt,
1813 1483 1988 1546 quam
2022 1460 2122 1524 ille
2169 1460 2236 1522 li-

298 1542 511 1604 benter
539 1544 861 1621 concessit,
890 1556 999 1620 „ut
1027 1557 1269 1630 praeter
1293 1568 1586 1631 personas
1611 1546 1761 1607 illas·
1782 1545 2111 1622 duodecim,
2142 1569 2235 1608 re-

299 1625 443 1712 liqui
475 1639 534 1690 et
563 1627 706 1713 ipsi,
758 1641 818 1691 et
849 1651 1054 1691 eorum
1097 1630 1361 1714 posteri,
1406 1653 1515 1714 per
1557 1629 1833 1714 singulas
1871 1630 2236 1705 mansioneS,

299 1711 561 1794 singulis
614 1712 788 1774 annis
840 1712 1140 1775 dimidium
1197 1714 1489 1800 fertonem
1540 1714 1771 1776 Abbati
1823 1715 2126 1777 solverent
2176 1714 2237 1775 in

301 1794 532 1857 duobus
568 1796 871 1874 terminis,
917 1809 977 1858 et
1019 1819 1095 1858 ne
1142 1820 1217 1859 ex
1246 1798 1543 1860 solutione
1574 1796 1687 1860 hac
1726 1798 1992 1862 libertati
2035 1822 2237 1862 eorum

301 1879 485 1941 ullum
541 1879 853 1944 accederet
906 1880 1253 1958 discrimen,
1309 1881 1837 1967 Jobbagionum
1892 1884 1967 1945 iis
2025 1906 2239 1947 nomen

300 1977 707 2049 permaneret,
758 1989 828 2027 ac
889 1965 1379 2028 exercituales
1425 1967 1644 2051 Regis
1695 1980 1901 2031 essent
1950 1968 2240 2054 ‘deinceps

302 2051 500 2125 etiam,
537 2048 694 2112 sicut
731 2063 908 2113 antea
939 2049 1351 2113 exstiterunt“
1377 2056 1446 2129 2).
1491 2054 1699 2136 Atque
1729 2051 2083 2115 hocdeinde
2132 2075 2241 2138 per

300 2133 621 2219 plerosque
671 2134 944 2230 privatos
1002 2133 1179 2196 etiam
1236 2134 1606 2197 Eclesiarum
1653 2148 1943 2222 patronos
1996 2138 2238 2214 factum,

302 2216 411 2279 sed
456 2217 729 2280 dissimili
760 2219 1002 2294 horum,
1041 2218 1138 2302 qui
1176 2219 1415 2281 militari
1459 2218 1664 2281 ordine
1711 2220 1812 2283 illo
1847 2221 2241 2284 movebantur

301 2301 575 2376 fortuna3
609 2304 764 2388 quod
795 2303 855 2365 in
887 2303 1300 2367 libertinorum
1333 2303 1578 2366 minoris
1609 2303 1906 2368 libertatis
1938 2305 2101 2368 censi
2132 2329 2239 2369 nu-

302 2407 465 2449 mero
500 2398 657 2449 sunt.

487 2653 531 2722 ι)
565 2656 621 2705 c,
656 2657 715 2706 o.
750 2658 826 2707 1v.
863 2655 918 2707 2.
953 2673 1003 2722 p.
1040 2655 1180 2708 295.

477 2752 528 2822 2)
558 2755 675 2805 Vide
724 2755 791 2806 sis
839 2757 1005 2807 literas
1035 2757 1284 2808 Laurentii
1323 2757 1473 2809 Palat.
1526 2760 1582 2810 C.
1628 2758 1685 2809 D.
1721 2759 1796 2808 lV.
1837 2774 1881 2808 v.
1927 2755 1981 2807 3.
2023 2773 2074 2821 p.
2114 2752 2236 2808 418

303 2839 531 2900 personis
563 2840 854 2902 duodecim;
888 2842 1005 2890 alias
1032 2858 1083 2907 p.
1120 2836 1241 2892 [420
1278 2843 1687 2904 „conditionariis
1729 2841 2102 2892 exercitualibus
2138 2842 2240 2892 Rc—

302 2920 423 2985 gis“
457 2937 747 2972 concessas,

1173 3105 1362 3180 §22

491 3252 665 3303 Notio
714 3253 1218 3306 exercituantium
1264 3255 1563 3307 Nobilium
1611 3257 1678 3306 dc
1726 3257 2039 3322 Scepusio.

476 3414 642 3487 Quae
682 3413 753 3475 de
787 3413 1274 3499 Jobbagionibus
1326 3413 1791 3477 exercitualibus
1832 3413 2042 3499 Regiis
2091 3412 2235 3475 dixi-

306 3512 462 3568 mus,
517 3496 935 3559 necessitatem
989 3498 1162 3561 nobis
1218 3499 1547 3561 attulerunt
1601 3499 1772 3560 aliam
1812 3499 1950 3560 item
2003 3519 2235 3574 novam,-
