2358 3874
1906 165 2145 216 XXXIX

207 298 482 356 tamquam
523 288 734 339 Jurium
777 289 1049 358 regalium
1092 291 1466 343 occultatores
1507 293 1655 343 nullo
2045 300 2143 349 tati

204 385 262 426 vt
300 374 616 426 debuissent
654 375 897 428 exhibito
938 386 992 427 et
1031 377 1280 445 impenso
1321 395 1693 432 conservasse
1736 390 1792 432 et
1824 385 2142 449 possedisse

204 479 271 513 ex
312 461 596 513 tenoribus
635 464 1034 530 premissarum
1086 464 1390 517 litterarum
1445 483 1550 534 per
1602 467 1907 534 prelibatas
1960 481 2142 524 utras-

202 566 308 617 que
360 556 552 615 partes
607 549 974 603 exhibitarum
1034 552 1331 620 perspicue
1381 554 1894 619 aditivelniebamuS‚
1954 557 2144 626 sicque

205 634 457 703 prefatus
499 636 751 688 dominus
790 646 982 689 noster
1020 637 1162 700 Rex,
1202 639 1516 691 iamdictam
1548 642 1967 708 possessionem
2001 644 2142 696 Zan-

202 731 296 774 tou
336 722 445 774 alio
488 724 706 775 nomine
745 724 1063 776 Isouteleke
1106 734 1159 776 et
1198 734 1404 778 terram
1445 727 1606 778 Veek
1645 730 1959 792 nominatas

500 809 602 860 Jus
641 827 801 861 suum
840 811 1055 880 regium
1097 813 1336 865 celative
1514 814 1816 868 Benedicto
1841 826 1895 868 et
1912 817 2147 872 Nicolao

200 896 323 948 filiis
361 896 556 947 Lachk
603 914 672 948 ac
711 897 973 949 Ladislao
1020 897 1132 950 filio
1173 899 1350 952 Kolus
1402 919 1703 970 eorumque
1743 903 2041 957 heredibus
2090 915 2145 958 et

199 985 619 1052 posteritatibus
672 987 738 1036 de
778 984 911 1036 Jure
953 987 1086 1038 dare
1140 998 1195 1038 et
1233 987 1487 1039 conferre
1527 989 1796 1054 valuisse,
1837 991 2143 1046 Venerabi-

199 1071 343 1124 libus
399 1072 455 1123 in
510 1070 732 1124 Christo
798 1074 1050 1141 patribus
1109 1075 1342 1127 dominis
1401 1075 1656 1128 Johanne
1716 1077 2146 1149 Archiepiscopi

199 1158 568 1229 strigoniensi
607 1160 906 1213 Valentino
940 1161 1544 1231 Quinqueecclesiensi‚
1572 1164 1825 1233 Auleque
1866 1167 2022 1236 regie
2051 1167 2147 1219 Vi-

199 1247 637 1311 cecancellario,
680 1248 844 1300 Petro
886 1248 1233 1313 ‹laurinensh
1277 1250 1451 1302 Paulo
1493 1251 1811 1320 Tyniniensi
1852 1262 1907 1306 et
1944 1254 2145 1307 Deme-

200 1334 302 1386 trio
620 1335 985 1388 ecclesiarum
1025 1337 1323 1405 Episcopis
1362 1355 1469 1390 nec
1508 1356 1616 1390 non
1658 1341 1973 1410 magnificis
2012 1343 2145 1394 viris

204 1421 415 1474 Comite
456 1421 668 1476 Jacobo
710 1426 778 1475 de
819 1423 1041 1492 Scepus
1083 1424 1276 1477 Judice
1317 1423 1482 1477 Curie
1522 1427 1724 1479 domini

199 1510 350 1579 regis
391 1527 459 1561 ac
502 1510 668 1561 Petro
722 1511 867 1562 dicto
922 1512 1106 1563 Zudor
1161 1513 1332 1564 totius
1386 1513 1718 1579 Sclauonie‚
1785 1526 1839 1567 et
1891 1515 2146 1568 Johanne

200 1597 343 1648 dicto
385 1597 578 1649 Tretul
617 1599 684 1650 de
724 1599 983 1651 Zeurinio
1023 1599 1194 1656 Banis
1236 1600 1484 1670 Georgio
1528 1602 1758 1653 Bubeek
1801 1602 2141 1655 Tavarnica-

201 1684 329 1736 lium
368 1685 699 1755 reginalium
739 1694 794 1736 et
833 1685 1009 1737 Paulo
1066 1689 1132 1738 de
1172 1683 1404 1755 Lyzkan
1447 1687 1830 1756 dapiferorum
1870 1689 2146 1759 regalium

200 1772 488 1842 magistris
526 1773 842 1841 ceterisque
896 1774 1056 1843 regni
1096 1775 1424 1841 proceribus
1476 1775 1540 1826 in
1599 1776 2149 1831 adiudicacione

200 1859 423 1928 ipsius
474 1876 679 1912 cause
732 1860 1082 1912 nobiscum
1139 1862 1202 1912 in
1262 1861 1534 1914 Judicio
1595 1864 1986 1915 sedentibus
2044 1882 2148 1918 nos

201 1963 437 1999 unacum
477 1947 684 1999 eisdem
725 1947 963 2015 prelatis
1003 1947 1316 2000 Baronibus
1356 1958 1411 2000 et
1447 1952 1609 2018 regni
1649 1951 1977 2017 proceribus

408 2035 825 2102 possessionem
866 2036 1080 2087 Zantou
1120 2035 1230 2087 alio
1270 2036 1491 2088 nomine
1528 2036 1847 2089 Isouteleke
1886 2048 2146 2091 vocatam

207 2131 261 2173 et
301 2131 511 2174 terram
551 2122 730 2185 Veek,
771 2139 840 2174 ex
877 2123 1019 2174 scitu
1058 2123 1260 2175 domini
1298 2124 1475 2175 nostri
1512 2124 1664 2194 regis
1713 2141 1837 2176 cum
1878 2126 2153 2178 vniuersis

202 2210 319 2261 suis
358 2209 681 2262 vtilitatibus
738 2213 808 2262 ad
862 2213 1085 2262 easdem
1141 2212 1523 2278 spectantibus
1561 2211 1837 2264 Jamdicto
1876 2214 2149 2283 magistro

203 2297 436 2350 Nicolao
475 2297 587 2350 filio
626 2297 823 2349 Lachk
872 2307 927 2350 et
967 2300 1084 2350 suis
1124 2298 1422 2351 heredibus
1462 2316 1530 2350 ac
1570 2299 1989 2370 posteritatibus
2031 2302 2145 2353 vni-

206 2385 386 2436 uersis
439 2403 506 2437 eo
546 2385 681 2436 Jure
721 2403 828 2454 quo
869 2386 1076 2437 eisdem
1120 2387 1390 2454 premisse
1432 2388 1586 2457 regie
1629 2389 1952 2440 donacionis
1993 2389 2149 2442 titulo

205 2473 627 2525 dinoscerentur
654 2474 953 2541 pertinere,
980 2473 1034 2524 in
1063 2483 1391 2541 perpetuum
1422 2475 1862 2528 adiudicauimus
1895 2479 2147 2528 easdem-

206 2578 313 2629 que
362 2561 780 2628 possessionem
820 2561 1034 2613 Zantou
1087 2561 1197 2613 alio
1237 2562 1456 2613 nomine
1499 2562 1814 2614 Isouteleke
1854 2571 1909 2614 et
1947 2572 2151 2633 terram

205 2648 368 2699 Veek
410 2658 671 2713 vocataS‚
724 2650 901 2701 eidem
954 2667 1056 2717 per
1093 2658 1344 2702 nostrum
1396 2659 1450 2700 et
1501 2650 1734 2718 predicti
1773 2649 2014 2720 Capituli
2053 2650 2148 2703 Al-

204 2736 396 2787 bensis
433 2734 684 2788 homines
723 2738 891 2789 statui
932 2739 1132 2789 debere
1174 2738 1597 2806 committenteS,
1637 2736 1967 2790 Amiciciam
2006 2739 2148 2790 eius-

207 2826 329 2876 dem
359 2822 599 2892 Capituli
632 2824 894 2877 Albensis
935 2827 1284 2894 pecieramus
1324 2834 1651 2877 reverenter
1690 2833 1963 2894 quatenus
2003 2825 2152 2894 ipso-

207 2929 327 2963 rum
391 2911 664 2964 hominem
724 2915 1001 2964 mitterent
1067 2931 1170 2981 pro
1233 2913 1548 2965 testimonio
1600 2912 1969 2984 fidedignum,
2042 2931 2151 2982 quo

208 3007 466 3066 presente
517 3000 786 3069 magister
825 3000 1102 3051 Martinus
1142 2998 1307 3052 Curie
1345 3008 1537 3052 nostre
1585 3001 1837 3053 not-arius
1877 3002 1944 3052 de
1994 3000 2153 3068 curia

208 3093 402 3137 nostra
443 3087 514 3137 ad
551 3085 660 3137 hoc
700 3087 1020 3153 specialiter
1059 3088 1373 3141 nominatus
1410 3087 1576 3139 homo
1611 3095 1806 3140 noster
1844 3088 1913 3138 ad
1948 3085 2149 3138 faciem

207 3173 452 3239 predicte
494 3174 870 3241 possessionis
910 3174 1125 3226 Zantou
1163 3174 1271 3225 alio
1311 3175 1530 3226 nomine
1581 3172 1900 3232 Isouteleke
1949 3181 2150 3226 vocate

210 3268 265 3311 et
302 3269 450 3312 terre
490 3261 651 3312 Veek
691 3279 760 3313 ac
799 3261 1199 3328 pertinencium
1249 3263 1320 3312 ad
1360 3262 1616 3324 easdem,
1674 3259 1870 3312 vicinis
1909 3268 1964 3310 et
2005 3277 2151 3312 com-

211 3348 479 3398 metaneis
537 3350 838 3400 earundem
902 3348 1178 3400 vniuersis
1233 3347 1363 3400 inibi
1419 3346 1668 3418 legitime
1724 3347 2047 3399 conuocatis
2101 3355 2156 3398 et

212 3434 564 3502 presentibus
600 3436 952 3499 accedendo9
1012 3433 1162 3488 facta
1214 3435 1366 3504 prius
1419 3434 1667 3506 legitima
1706 3433 2152 3488 reambulacione
