2358 3874
1958 213 2083 272 159

154 367 312 418 ctum
355 366 480 428 est,
530 364 594 415 ut
633 352 692 414 in
735 351 847 415 hoc
894 352 1106 416 deinde
1144 352 1492 418 Ludovicus
1531 355 1577 414 Ι.
1615 350 1867 436 Regiam
1911 352 2087 414 collo-

154 450 316 501 caret
355 459 540 499 suam.

449 531 605 591 „Non
636 532 784 582 alium
816 540 950 582 certe
982 533 1149 582 decuit
1178 532 1471 582 Rectoribus
1503 531 1638 581 orbis
1841 597 1844 601 ²

414 652 417 660 ι
450 615 577 666 Esse
607 617 796 679 larem;
844 617 1081 681 nulloque
1111 617 1268 681 magis
1299 632 1354 666 se
1385 616 1509 665 colle
1539 623 1760 680 potestas

447 701 683 751 Aestimat
712 708 761 750 et
793 701 974 750 summi
1007 700 1157 750 sentit
1185 700 1377 764 fastigia
1402 699 1580 764 ju1·is“
1605 702 1666 762 ¹).

148 819 241 878 De
281 815 458 877 Bulla
497 838 678 877 aurea
717 838 824 902 per
857 815 1062 877 Belam
1097 818 1206 877 lv.
1244 814 1379 876 urbi
1412 813 1551 876 huic
1590 815 1728 878 data
1752 815 2089 891 Duumviri‚

147 923 297 986 quos
359 900 432 961 ab
495 899 653 962 edito
704 897 1264 984 commentari-isque
1328 898 1456 960 suis
1510 898 1813 962 illustrato
1867 898 2088 961 Codice

144 984 317 1048 Juris
341 982 707 1046 Budensium
739 981 1127 1059 laudavimus,
1159 983 1436 1069 professa
1471 1007 1671 1079 opera,
1712 1006 1899 1068 eaque
1935 983 2087 1044 assi-

146 1068 371 1131 duitate
413 1067 857 1144 disseruerunt,
908 1080 974 1130 ut
1012 1079 1252 1154 praeter
1280 1067 1709 1129 immunitatem
1739 1067 2090 1143 descensuS‚

145 1154 662 1239 portoriorumque
704 1153 862 1215 intra
895 1153 1047 1215 fines
1089 1152 1297 1237 regni,
1337 1151 1700 1237 liberamque
1736 1150 1971 1214 Civium
2017 1150 2089 1214 de

144 1237 327 1300 rebus
370 1237 497 1300 suis
546 1249 606 1300 et
658 1237 718 1298 in
761 1241 884 1300 vita
928 1250 988 1300 et
1027 1236 1238 1300 mortis
1283 1248 1466 1298 causa
1512 1234 1863 1323 disponendi
1905 1236 2090 1298 sacul-

141 1333 356 1398 tatem‚
418 1325 508 1383 'us
554 1321 697 1384 item
740 1322 1072 1385 Plebanum
1118 1333 1178 1384 et
1212 1320 1496 1383 Villicum
1545 1321 1750 1384 liberis
1799 1319 1965 1383 susra
2015 1319 2088 1381 iis

143 1405 379 1491 deligen
424 1407 469 1482 ἰ,
525 1405 684 1468 hunc
730 1407 782 1468 si
828 1406 898 1476 in⁴
933 1410 1072 1492 jure
1121 1404 1405 1481 dicundo,
1461 1428 1495 1466 a
1552 1343 2088 1468 consuetudinibus

144 1514 256 1553 usu
315 1489 585 1577 probatis
634 1489 1001 1565 discederet,
1052 1512 1250 1552 coram
1297 1492 1499 1573 Rege,
1546 1501 1650 1551 aut
1695 1488 1789 1551 cui
1830 1489 1924 1551 hic
1959 1511 2090 1550 eam

141 1575 505 1661 provinciam
547 1573 943 1651 mandaverit,
976 1572 1393 1649 conveniendi,
1445 1596 1628 1635 onera
1684 1572 1938 1659 denique
2024 1595 2091 1635 er

142 1682 368 1736 omneS,
408 1658 509 1745 qui
552 1658 810 1744 aliquam
841 1660 902 1721 in
935 1657 1126 1721 medio
1158 1658 1390 1720 Civium
1422 1657 1869 1744 possessionem
1908 1595 2087 1720 habe-

139 1756 299 1819 rent,
351 1766 539 1829 aequa
581 1743 813 1805 ratione
855 1742 1135 1816 ferenda,
1188 1742 1248 1803 in
1289 1741 1505 1827 quibus
1537 1740 1686 1803 haec
1719 1741 2089 1804 Budensium

141 1841 203 1892 et
242 1827 344 1890 illa
379 1827 887 1912 Tyrnaviensium
929 1827 1092 1891 bulla
1133 1838 1506 1910 congruunt,
1545 1826 1775 1889 Budam
1817 1827 2087 1912 exemplo

140 1912 310 1975 urbis
353 1912 725 1976 Viennensis
758 1915 899 2010 jure
944 1935 1178 1998 quoque
1225 1910 1618 1997 depositionis
1660 1911 1945 1974 mercium
1986 1912 2086 1975 do-

144 2008 343 2061 natam
381 2021 518 2060 esse
542 2006 594 2076 2)
641 1996 898 2060 dubitari
944 2008 1217 2081 nequeat.

321 2210 366 2269 1)
398 2207 650 2258 Claudian.
684 2208 761 2258 vl.
797 2208 1003 2258 Consul.
1037 2207 1261 2258 Honorii.

325 2295 373 2353 2)
403 2293 541 2343 Buda
570 2294 680 2342 Var.
715 2293 860 2342 Torv.
891 2292 1086 2357 Konyve
1117 2298 1146 2352 §
1168 2290 1245 2343 67
1278 2299 1327 2342 et
1349 2291 1574 2357 Append.
1609 2291 1811 2357 Einiges
1843 2291 1967 2342 iiber
1997 2292 2083 2341 das

144 2376 458 2442 Stapelrecht
489 2378 576 2427 der
603 2377 773 2427 'Stadte
803 2377 1049 2442 UngarnS.

1022 2569 1064 2645 g
1110 2572 1209 2627 24.

269 2719 524 2769 alterum
571 2720 627 2768 in
674 2726 876 2769 monte
923 2719 1147 2778 Grech‚
1196 2720 1289 2769 cui
1334 2719 1658 2784 Zagrabiae
1703 2734 1938 2769 nomen.

315 2881 536 2952 „Hanc
569 2901 803 2963 quoque
837 2877 1011 2963 regni
1045 2890 1274 2964 partem
1310 2876 1383 2939 ad
1420 2876 1804 2940 securitatem
1844 2878 2080 2940 confinii

142 2973 202 3023 et
247 2962 363 3022 alia
398 2962 701 3025 commoda
748 2962 1010 3024 muniri“
1054 2985 1186 3024 cum
1227 2961 1433 3037 vellet,
1475 2962 1732 3024 animum
1785 2961 1859 3024 ad
1897 2962 2082 3049 impo-

140 3045 391 3108 nendam
438 3047 623 3108 monti
658 3045 858 3110 Grech
890 3047 1100 3109 urbem
1136 3044 1384 3132 adjecit,
1420 3047 1775 3132 peregitque
1811 3046 2082 3132 proposi-

141 3141 264 3192 tum
296 3128 732 3192 conditionibus
776 3143 835 3193 et
860 3131 1259 3201 libertatibus,
1295 3153 1447 3216 quas
1477 3130 1750 3217 hospites
1780 3130 1918 3192 istic
1946 3153 2082 3192 con—

141 3213 386 3299 gregati
427 3214 584 3276 inter
616 3237 684 3277 se
716 3214 1018 3290 fecerunt,
1057 3237 1212 3277 anno
1248 3223 1412 3276 1242
1450 3215 1627 3276 Bulla
1661 3235 1843 3275 aurea
1906 3213 2082 3276 roba-

140 3298 236 3360 tis.
283 3298 531 3361 Literae
560 3297 692 3375 hae,
733 3299 942 3383 privile
991 3298 1226 3382 iumque
1272 3297 1781 3381 Tyrnaviensium
1820 3236 2083 3383 adprime

140 3381 341 3446 itidem
400 3381 736 3446 cohaerent.
812 3322 989 3458 Quofi
1030 3381 1185 3444 enim
1244 3381 1376 3443 urbi
1439 3381 1873 3467 Zagrabiensi‚
1960 3382 2081 3444 sin-

142 3467 352 3547 gulare
390 3467 571 3530 tribui
612 3466 849 3529 videtur
898 3465 1249 3529 beneficium
1295 3514 1332 3542 ‚‚
1349 3478 1415 3528 ut
1469 3465 1521 3527 si
1568 3465 1702 3551 quis
1758 3465 2081 3530 intestatus
