2358 3874
1920 198 2107 252 XXIX

172 337 519 404 conscriptas
565 333 772 385 tenoris
813 331 1152 401 infrascripti
1195 341 1390 400 petens
1440 349 1543 384 nos
1583 349 1706 383 cum
1747 332 2008 383 instantia
2048 342 2107 383 ut

173 434 420 476 tenorem
460 422 759 474 earundem
799 422 866 473 de
905 422 1074 473 verbo
1102 423 1171 473 ad
1200 421 1429 474 verbum
1469 420 1861 488 praesentibus
1899 420 2106 472 nostris

170 510 366 563 litteris
405 508 720 577 patentibus
758 508 1052 560 transcribi
1103 516 1156 558 et
1196 506 1591 575 transsumpmi
1636 505 1891 558 faciendo
1931 523 2105 575 appo-

169 598 423 650 sitionem
461 595 636 648 nostri
676 595 849 666 sigilli
893 595 1068 647 eidem
1108 596 1241 646 dare
1281 595 1635 664 dignaremur
1675 611 1907 663 quarum
1947 603 2107 647 tenor

171 684 300 736 talis
357 691 459 735 est.
523 683 641 734 Nos
689 681 891 735 Comes
939 682 1206 735 Nicolaus
1245 682 1383 734 Vice
1425 682 1700 753 Magister
1747 682 1958 735 Thome
2001 682 2104 736 Pa-

74 790 89 844 f
168 772 321 824 latini
354 774 398 840 1)
435 772 489 823 in
527 769 838 821 Keseulces
887 778 940 820 et
979 768 1158 821 Judex
1195 769 1471 832 Nobilium
1511 769 1716 823 Sancte
1756 770 2010 823 Ecclesie
2051 771 2105 823 in

168 857 520 911 Challeukuz
560 857 823 909 memorie
863 858 1311 909 commendamus
1351 859 1497 927 quod
1541 890 1605 896 —
1650 875 1824 910 causa
1865 875 2008 928 quae
2050 859 2107 911 in

167 945 398 998 concilio
439 944 698 1015 Magistri
738 943 948 997 Thome
991 943 1229 996 Palatini
1283 945 1335 995 in
1386 945 1695 997 Keseulces
1746 946 2030 998 celebrato
2057 950 2107 1015 2)

167 1051 270 1102 per
309 1033 540 1085 Paulum
579 1030 744 1082 filium
792 1030 1088 1083 Michaelis
1127 1033 1195 1083 de
1223 1030 1439 1086 Pathon
1480 1049 1551 1082 ex
1592 1050 1702 1084 una
1741 1041 1796 1084 et
1821 1033 2107 1085 Matheum

170 1123 238 1173 de
279 1120 428 1173 Villa
469 1119 651 1171 Beuse
692 1136 763 1170 ex
803 1117 998 1182 altera,
1038 1136 1140 1187 pro
1180 1128 1344 1187 porta
1386 1120 1631 1171 eiusdem
1666 1119 1900 1183 Mathei‚
1939 1130 2108 1183 mota,

172 1226 274 1277 per
311 1216 505 1276 partes
544 1206 945 1271 ventilabatur,
986 1223 1090 1274 per
1129 1206 1361 1258 consilia
1401 1208 1701 1275 proborum
1756 1208 1999 1259 virorum
2051 1209 2106 1260 in

167 1296 422 1347 unionem
463 1295 619 1363 pacis
658 1294 739 1346 sic
778 1296 1150 1358 devenerunt,
1191 1303 1249 1345 ut
1285 1311 1396 1346 una
1436 1312 1560 1347 cum
1600 1294 1809 1347 Juratis
1849 1304 1903 1347 et
1943 1296 2106 1349 Nobi-

168 1384 312 1436 libus
349 1382 666 1451 supradicte
707 1381 944 1433 ecclesie
971 1383 1019 1450 3)
1057 1398 1230 1449 super
1268 1380 1468 1433 faciem
1509 1383 1753 1434 eiusdem
1795 1383 2108 1451 possessio-

167 1471 252 1523 nis
290 1470 626 1537 veniigemuS,
677 1478 744 1537 et
779 1470 832 1521 in
873 1468 1130 1539 praefata
1171 1470 1531 1537 possessione
1572 1471 1862 1522 veritatem
1901 1472 2108 1523 discer-

167 1575 456 1622 neremuS‚
501 1574 606 1610 nos
646 1557 701 1608 in
740 1573 990 1625 persona
1028 1557 1207 1625 ips-ius
1249 1544 1488 1609 Palatini
1527 1576 1767 1610 unacum
1807 1558 2017 1611 Juratis
2057 1569 2110 1611 et

135 1683 141 1689 .
167 1646 453 1699 Nobilibus
478 1645 723 1713 predicte
745 1643 950 1696 Sancte
972 1644 1210 1697 ecclesie
1236 1645 1492 1697 videlicet
1512 1645 1726 1698 Thoma
1746 1645 1857 1699 filio
1880 1647 2109 1700 Abrahe

167 1736 235 1786 de
269 1732 488 1801 Weyka
527 1732 820 1801 Mychae‘le
871 1731 982 1784 filio
1025 1762 1091 1770 --
1121 1763 1189 1769 —
1221 1763 1286 1770 -—
1324 1762 1385 1770 —
1447 1733 1644 1785 Marco
1686 1733 1795 1786 filio
1836 1734 2109 1787 Dominici

170 1851 237 1859 -—
283 1852 347 1871 —-.-
388 1819 663 1872 Nobilium
715 1822 783 1871 de
822 1819 970 1871 Villa
1013 1819 1195 1871 Beuse
1235 1829 1452 1887 partem
1492 1821 1890 1874 occidentalem
1929 1822 2108 1874 Paulo

167 1907 516 1977 supradict0‚
569 1917 623 1959 et
672 1916 886 1976 partem
928 1907 1252 1959 orientalem
1292 1908 1522 1962 Matheo
1562 1910 1643 1960 sic
1682 1919 1897 1974 tamen,
1961 1912 2107 1980 quod

168 1998 299 2066 quia
337 1996 502 2064 porta
551 1997 604 2048 in
645 2005 806 2065 parte
846 1995 1059 2048 Mathei
1105 2005 1224 2048 erat
1267 1996 1440 2049 Paulo
1481 2006 1914 2050 antememorato
1956 2016 2105 2051 mea-

169 2094 281 2136 tum
332 2102 435 2154 per
473 2093 693 2153 portam
743 2102 853 2136 non
906 2083 1177 2152 inpediret
1225 2086 1292 2136 de
1333 2085 1596 2137 sessione
1639 2086 1886 2138 eiusdem
1926 2086 2105 2149 Pauli,

167 2181 306 2227 εί·-
334 2189 613 2224 consensu
650 2171 849 2223 suimet
873 2202 939 2209 —
979 2172 1182 2239 ipsiuS‚
1226 2157 1258 2222 a
1299 2169 1450 2223 fonte
1490 2172 1800 2241 incipiendo
1840 2191 1942 2241 per
1970 2191 2099 2241 spa-

168 2260 255 2312 cia
297 2262 528 2311 duorum
570 2276 837 2327 passuum
875 2275 1050 2328 usque
1091 2261 1160 2310 ad
1201 2257 1364 2310 finem
1403 2260 1634 2330 pomerij
1679 2261 1852 2313 eidem
1875 2261 2104 2313 Matheo

170 2348 447 2400 antedicto
499 2346 915 2416 assignavimus
976 2347 1397 2415 possidendam,
1456 2355 1510 2398 et
1556 2348 1699 2399 idem
1738 2348 2000 2400 Matheus
2051 2349 2106 2401 in

168 2435 480 2504 posteriore
527 2442 690 2502 parte
730 2450 830 2485 sue
871 2434 1021 2485 curie
1059 2434 1113 2485 in
1166 2434 1403 2502 septimo
1443 2435 1661 2487 dimidio
1701 2437 2007 2488 cubitorum
2048 2437 2102 2488 in

165 2521 488 2593 vulgarin
512 2523 562 2590 4)
602 2529 802 2574 vocato
830 2520 1169 2574 latitudinem
1218 2530 1272 2573 et
1310 2522 1363 2574 in
1406 2531 1567 2590 parte
1607 2524 1868 2576 anteriori
1895 2542 1998 2592 per
2023 2524 2103 2578 la-

170 2610 451 2662 titudinem
492 2610 720 2660 duorum
777 2610 1080 2662 cubitorum
1137 2610 1315 2662 minus
1354 2611 1567 2662 duabus
1607 2611 1806 2679 palmis
1846 2612 2103 2680 praefato

172 2697 349 2749 Paulo
388 2695 619 2748 liberum
660 2697 910 2765 permisit
962 2706 1199 2749 meatum
1237 2698 1355 2750 sive
1395 2715 1778 2768 progressum.
1837 2699 1894 2751 ln
1947 2701 2105 2752 cuius

167 2787 245 2837 rei
288 2785 609 2836 memoriam
664 2785 1044 2836 concessimus
1096 2784 1312 2837 litteras
1351 2793 1575 2837 nostras
1625 2794 1880 2853 patentes
1934 2787 2105 2857 sigilli

168 2874 342 2926 nostri
380 2871 673 2924 munimine
710 2874 1024 2925 roboratas·
1066 2873 1274 2925 Datum
1300 2872 1442 2924 feria
1469 2883 1668 2942 quarta
1694 2874 1951 2942 proxima
1977 2884 2105 2943 post

169 2960 373 3012 festum
395 2990 457 2998 -—
489 2990 553 2998 —-
587 2991 647 2997 -—
673 2960 698 3012 ‘3
741 2961 961 3013 domini.
1002 2960 1163 3013 Anno
1203 2960 1422 3014 Domini
1461 2960 1612 3014 Mmo
1639 2958 1870 3013 CCCmo
1892 2961 2103 3015 XLVo.

327 3274 361 3330 l)
389 3272 509 3317 Libri
538 3272 609 3316 ΙΙΙ.
639 3272 665 3331 §
699 3267 819 3316 156.

321 3346 362 3449 Ξ)
392 3345 447 3389 ad
476 3344 770 3461 imitat5ip3nem
798 3343 1174 3404 Congregationis
1203 3345 1510 3391 Palatium-uin
1541 3346 1668 3404 regni
1698 3346 1726 3390 l.
1757 3345 1829 3390 lll.
1859 3346 1886 3403 S
1917 3343 2038 3391 131.

346 3420 360 3475 )
388 3418 418 3463 1.
449 3418 520 3461 111.
550 3416 576 3475 §
680 3451 689 3460 .

322 3492 362 3547 ’4)
392 3482 444 3534 [il
473 3489 677 3534 dicimus,
