2280 3918
1980 164 2060 219 49

142 333 246 394 per
289 306 490 392 copias
531 305 672 381 has,
725 326 954 367 omnem
995 301 1320 377 hominum,
1382 324 1490 363 nec
1538 301 1795 364 virorum
1834 315 2061 364 tantum

145 392 252 456 sed
283 391 594 453 mulierum
627 412 858 475 quoque
891 388 1052 451 viros
1094 387 1296 450 habitu
1332 386 1736 473 mentientium
1770 388 2063 450 sentinam

140 500 340 542 secum
370 474 702 552 trahenteS,
735 473 1111 560 gravissimis
1149 471 1219 534 ad
1258 477 1566 535 Moravam
1619 485 1678 535 et
1722 495 1936 535 rursus
1991 473 2064 536 ad

141 562 564 627 Malamvillam
591 560 973 642 (Semlinum)
1006 557 1180 620 editis
1214 557 1575 621 facinoribus
1612 571 1922 644 pensatum
1954 573 2063 623 est.

141 651 306 725 Quae
358 648 455 709 ille
498 651 637 733 jure
669 658 1009 721 execratuS,
1061 642 1302 706 tertium
1355 642 1749 708 Godeschalci
1821 668 2059 729 agmen,

141 732 294 819 quod
324 734 480 795 inter
508 733 848 795 Mosonium
889 742 1263 815 montemque
1297 729 1642 792 Pannoniae
1693 730 1849 792 omni
1889 731 2063 816 flagi-

142 820 359 882 tiorum
391 841 614 904 genere
655 819 772 880 late
803 815 1221 902 grassabatur,
1255 815 1313 876 in
1346 815 1568 901 campis
1603 816 2062 879 Oelediensibus

140 929 328 992 poene
360 917 547 968 totum
577 902 900 979 interfecit,
924 904 1179 987 jureque
1218 900 1274 961 in
1314 901 1514 987 copias
1555 902 1732 964 etiam
1761 902 2064 966 Emiconis

142 990 395 1054 Comitis
427 987 724 1063 Rhenani,
758 987 865 1050 sed
895 987 994 1073 qui
1037 986 1166 1073 ipse
1200 985 1455 1048 omnium
1499 1010 1606 1072 per
1651 986 1762 1048 hos
1804 1001 2065 1074 patrato-

145 1099 276 1139 rum
326 1074 745 1137 maleficiorum
791 1073 1090 1160 particeps
1122 1085 1182 1134 et
1221 1075 1503 1134 incensor
1547 1071 1898 1151 habebatur,
1944 1074 2065 1135 ani-

143 1160 472 1236 madvertit,
495 1158 651 1245 quod
685 1158 846 1221 aditu
884 1156 1236 1244 Hungariae
1281 1156 1562 1243 prohibiti
1605 1171 1864 1220 castrum
1910 1161 2066 1222 Ova-

140 1247 335 1309 riense
385 1244 657 1308 obsidere
688 1269 805 1307 non
842 1243 1274 1307 dubitaverunt.
1308 1247 1477 1306 Haec
1505 1244 1906 1307 Colomannus
1936 1269 2065 1308 cum

139 1335 333 1394 Cruce
366 1332 647 1416 signatiS,
673 1354 920 1416 quorum
949 1329 1309 1392 immanitate
1344 1327 1563 1392 adflicti
1586 1331 1867 1392 Germani
1896 1355 2066 1394 omne

127 1421 252 1503 jam
285 1416 621 1479 institutum
656 1417 769 1478 hoc
799 1415 1037 1478 militiae
1068 1438 1294 1491 sacrae,
1329 1416 1490 1477 velut
1529 1417 1738 1478 insano
1769 1429 1829 1478 et
1856 1417 2065 1480 frivolo

137 1525 319 1565 susce
356 1515 480 1565 tum
543 1500 816 1577 consiliO,
869 1500 1336 1564 detestabantur.
1398 1503 1625 1576 Quarto
1670 1502 1923 1586 agmini,
1973 1503 2067 1565 cui

139 1526 514 1651 Godoiiedus
558 1587 894 1651 Bullionius
938 1586 1223 1674 praefuit,
1259 1609 1366 1672 per
1396 1587 1613 1649 fratres
1650 1611 1795 1650 suos
1828 1588 2068 1650 Baldui-

139 1697 277 1736 num
325 1686 382 1736 et
422 1673 808 1736 Eustachium
846 1674 1110 1759 aliosque
1159 1672 1527 1735 nobilissimo
1575 1672 1728 1759 apud
1773 1676 2064 1751 Francos,

135 1758 582 1844 LotharingOS,
641 1762 1091 1844 Germanosque
1151 1781 1375 1844 genere
1421 1771 1595 1820 natos
1644 1759 1959 1822 comitatus
2008 1773 2067 1823 et

140 1868 378 1907 causam
407 1869 550 1908 suae
591 1845 749 1906 illius
783 1843 1124 1908 severitatis
1155 1856 1213 1906 et
1245 1843 1708 1929 hospitalitatem
1734 1842 2067 1908 huno-aram

141 1931 544 1993 Colomannus
584 1930 667 1993 ita
709 1930 1001 2017 probavit,
1051 1943 1114 1992 ut
1144 1929 1240 2015 qui
1279 1929 1350 1992 de
1380 1929 1563 1992 rebus
1596 1929 1689 1991 his
1721 1954 1835 2016 apu
1906 1944 2067 1994 exte-

140 2039 242 2079 ros
290 2015 696 2102 prodiderunt,
741 2029 800 2079 et
829 2014 1345 2102 aequanimitatem
1385 2018 1512 2101 ejus
1554 2029 1612 2079 et
1656 2016 2069 2081 liberalitatem

138 2101 410 2164 maximis
470 2101 746 2165 laudibus
799 2103 1084 2174 efferant3
1126 2099 1496 2165 Wilhelmus
1549 2102 1800 2188 denique
1853 2106 2069 2166 Comes

140 2187 571 2264 PictaviensiS,
635 2201 694 2250 et
731 2188 939 2251 Welfo
979 2191 1347 2250 Bavarorum
1389 2190 1560 2264 Dux,
1601 2187 1830 2251 indultu
1896 2190 2070 2252 Colo-

141 2274 338 2336 manni
368 2274 742 2359 Hungariam
788 2297 920 2336 cum
954 2272 1271 2359 sexaginta
1314 2296 1498 2359 supra
1538 2287 1771 2336 centum
1808 2275 2068 2338 millibus

143 2383 318 2422 cruce
350 2360 742 2445 signatorum,
782 2383 830 2421 a.
863 2368 1024 2423 1101
1061 2357 1285 2421 emensi
1321 2371 1479 2434 sunt,
1520 2360 1678 2422 nullo
1718 2360 1951 2445 quidem
1987 2363 2069 2424 lo-

144 2468 342 2507 corum
368 2495 382 2519 ,
433 2469 549 2530 qua
586 2446 700 2508 iter
738 2445 1030 2522 fecerant,
1067 2443 1297 2519 damno,
1340 2444 1593 2507 maxima
1620 2458 1817 2508 tamen
1858 2470 1928 2508 ea
1955 2450 2068 2511 Co-

143 2530 398 2592 lomanni
425 2531 716 2606 molestia,
749 2530 901 2616 quod
940 2530 1114 2605 hune,
1152 2553 1226 2591 ne
1258 2530 1468 2592 officiis
1511 2530 1936 2618 hospitalitatis
1971 2557 2069 2595 cu-

141 2639 362 2701 raeque
407 2616 746 2678 securitatis
788 2639 1030 2679 suorum
1078 2616 1344 2693 deesset,
1397 2615 1648 2679 medium
1690 2617 2067 2681 victoriarum

145 2702 202 2763 in
237 2701 506 2788 partibus
538 2701 848 2763 maritimis
894 2702 1243 2788 abrumpere
1276 2724 1514 2762 cursum
1550 2703 1825 2788 oportuit.

1034 2902 1175 2978 §a

402 3050 776 3117 legitimique
822 3053 1060 3130 imperii
1106 3053 1419 3119 imaginem
1466 3055 1809 3105 adornatuS.

320 3210 629 3287 Alterum,
683 3213 833 3298 quod
880 3212 1312 3278 obtrectatores
1366 3215 1726 3277 Colomanno
1779 3215 2070 3301 imprope-

147 3308 300 3373 rant,
340 3294 414 3358 ad
446 3295 742 3374 succisaS,
787 3301 870 3361 uti
905 3299 1249 3375 obtendunt,
1275 3299 1435 3361 Cleri
1469 3322 1611 3384 opes
1644 3300 1916 3385 pertinet.
1954 3303 2067 3363 At—

150 3404 261 3466 que
297 3380 390 3443 hic
430 3380 528 3445 ille
569 3379 734 3445 dolor
776 3394 898 3459 est,
933 3384 1031 3470 qui
1071 3407 1271 3447 eorum
1310 3383 1380 3446 de
1420 3387 1588 3469 Rege
1628 3384 1740 3447 hoc
1784 3385 2070 3471 judicium

150 3467 230 3529 ita
278 3467 590 3553 pervertit,
648 3480 711 3530 ut
753 3470 946 3555 paullo
991 3483 1127 3532 ante
1173 3470 1508 3533 memoriam
1562 3483 1826 3533 nostram
1863 3474 2071 3534 Peter-

222 3575 431 3620 BARTAL
474 3576 615 3621 T.1t
1557 3562 1591 3614 4
