2358 3874
333 237 410 291 74

331 372 530 448 valuit,
562 371 734 432 simul
766 369 916 431 hanc
946 392 1174 454 quoque
1206 367 1430 430 civilem
1452 370 1765 453 procellam
1787 368 2042 455 dispulit.
2068 368 2236 444 Quod

328 456 538 519 indicio
588 455 785 518 itidem
828 467 950 518 est:
995 452 1382 539 Stephanum,
1417 452 1550 514 dum
1587 452 1830 530 viveret,
1861 453 2235 539 praecipuum

328 542 463 605 honi
493 541 777 626 sortisque
818 539 1116 625 Principis
1146 537 1533 625 praesidium:
1567 559 1823 601 amorem
1854 539 2070 624 populi,
2103 561 2236 601 con-

330 640 558 691 stanter
594 626 874 690 tenuisse.

1207 843 1349 918 §a

327 995 479 1043 ldem
527 995 581 1043 in
627 994 866 1043 maxima
913 994 1017 1042 hac
1062 994 1350 1044 bonorum
1396 994 1593 1059 inopia
1639 995 1766 1058 ipse
1806 994 1873 1044 ad
1915 993 2239 1058 designan-

330 1079 461 1129 dum
508 1079 622 1128 sibi
669 1094 1087 1129 successorem
1134 1079 1389 1128 animum
1434 1078 1682 1144 adjecit,
1730 1079 2048 1143 Belamque
2094 1078 2236 1127 Almi

655 1164 844 1213 filium
888 1164 945 1213 in
992 1165 1345 1213 societatem
1391 1164 1562 1228 regni
1608 1165 1911 1214 assumsit.
2117 1150 2135 1158 -

496 1325 693 1408 Hujus
733 1325 795 1384 in
827 1323 1080 1386 salutem
1110 1323 1258 1409 ipse,
1291 1321 1364 1386 ad
1395 1322 1827 1410 designandum
1856 1323 1973 1386 sihi
2004 1346 2239 1386 succes-

324 1431 518 1471 sorem
549 1407 801 1469 animum
833 1407 1072 1494 adjecit,
1118 1420 1294 1494 atque
1324 1407 1472 1472 haec
1513 1432 1643 1472 eum
1675 1407 2033 1495 gravissima
2098 1432 2239 1472 cura

325 1494 459 1556 dum
490 1505 777 1570 versaret,
826 1506 1151 1580 opportune
1192 1495 1431 1556 allatum
1463 1506 1581 1557 est:
1613 1495 1818 1557 Belam
1848 1494 2011 1557 Almi
2054 1494 2236 1556 filium

325 1578 705 1664 superstitem
750 1602 883 1642 esse
936 1591 994 1643 et
1031 1579 1089 1642 in
1136 1579 1417 1643 coenobio
1450 1579 1942 1643 Pecsvaradiensi
1994 1580 2239 1642 servari.

324 1668 500 1726 Hunc
529 1664 729 1749 itaque
762 1669 1114 1727 accersitum
1157 1677 1216 1728 et
1259 1678 1593 1728 consortem
1630 1664 1803 1751 regni
1848 1665 2132 1743 declarat,
2181 1677 2239 1727 et

324 1772 540 1812 corona
568 1748 828 1811 redimiri
859 1763 1054 1824 curat3
1089 1763 1147 1813 et
1177 1763 1243 1813 ut
1272 1750 1642 1813 matrimonio
1673 1751 2096 1838 quamprimum
2127 1749 2238 1812 illi-

325 1846 522 1918 getur,
555 1834 989 1921 sapientissime
1019 1835 1306 1923 providet,
1329 1837 1734 1922 Helenamque
1760 1835 1962 1900 Urosii
1990 1835 2238 1899 Serviae

325 1919 620 2006 Principis
652 1919 827 1982 filiam
862 1924 1172 2007 conjugem
1206 1921 1258 1984 ei
1290 1921 1511 2008 deligit.
1569 1921 1914 2009 Stephanus
1943 1922 2235 1986 tricenna-

326 2003 450 2066 rius
482 2003 763 2080 decessit3
795 2030 911 2068 non
942 2008 1125 2070 multo
1155 2020 1310 2094 post,
1343 2030 1514 2094 quam
1547 2006 1599 2070 ei
1624 2030 1697 2070 ex
1725 2006 2095 2072 matrimonio
2125 2006 2237 2070 hoc

323 2109 508 2176 nepos
539 2093 752 2176 Geyza
781 2104 956 2155 natus
991 2105 1170 2155 esset.

777 2373 895 2441 XI.
971 2373 1223 2443 REX
1291 2374 1620 2443 BELA
1685 2376 1765 2442 ll.

916 2529 974 2577 ab
1006 2544 1133 2579 anno
1171 2525 1320 2579 1131
1356 2523 1632 2578 -1141,

1206 2693 1347 2769 §7.

788 2847 1042 2897 Comitia
1087 2846 1324 2896 Aradini
1369 2861 1517 2896 anno
1569 2842 1770 2896 1132.

491 3007 694 3071 Rebus
734 3033 841 3096 per
876 3008 1031 3072 hunc
1061 3010 1254 3095 gestis
1284 3011 1378 3072 vel
1407 3010 1467 3072 in
1497 3010 1702 3097 primis
1746 3034 1893 3074 uxor
1922 3011 2078 3074 virili
2110 3037 2230 3075 mu-

326 3091 433 3156 lier
488 3093 709 3170 animo,
778 3107 837 3158 et
877 3095 1226 3158 Sobieslaus
1255 3095 1576 3160 Bohemiae
1623 3099 1762 3158 Dux
1806 3121 1914 3184 per
1967 3121 2231 3161 sororem

322 3178 688 3242 Adelhaiden
721 3179 946 3257 affinis,
979 3193 1037 3243 et
1068 3180 1312 3267 denique
1334 3182 1627 3245 Albertus
1659 3183 1926 3246 Mal-chio
1946 3180 2230 3247 Austriae

325 3265 751 3343 commodabat,
798 3267 889 3329 cui
921 3265 1273 3352 Hedwigam
1319 3269 1560 3331 alteram
1605 3292 1869 3332 sororem
1904 3269 2230 3332 collocavit.

324 3350 435 3411 His
468 3364 672 3414 contra
700 3352 1015 3416 intestinas
1032 3355 1355 3416 Procerum
1383 3353 1672 3418 factiones
1694 3354 2007 3442 praesidiis
2035 3354 2226 3430 nixus,

324 3435 646 3498 Aradinum
679 3461 728 3500 a.
758 3446 919 3502 1132
946 3438 1199 3502 Comitia
1228 3439 1457 3518 indixit,
1487 3463 1707 3526 magna
1737 3438 1932 3528 populi
1957 3439 2228 3526 frequen-

328 3518 422 3594 tia,
448 3520 722 3605 tristique
753 3523 931 3586 caede
961 3524 1288 3609 principum
1320 3525 1596 3602 virorum,
1630 3525 1725 3611 qui
1746 3538 2035 3610 paternae
2058 3548 2228 3588 suae—
