2280 3918
1948 208 2030 264 33

120 363 338 426 antiquas
369 366 522 409 metas
547 358 897 408 reambulando
928 358 1192 423 praefatam
1222 356 1591 423 possessionem
1623 363 1858 406 statueret
1891 358 2023 408 dicto

122 450 257 498 cet.“
288 446 360 496 Ex
390 445 466 494 his
499 444 706 508 Tripart.
739 443 970 493 Verbdcz.
1003 444 1041 494 I.
1078 440 1154 494 32
1189 451 1236 493 et
1265 441 1326 494 11.
1359 442 1434 493 tit.
1473 439 1566 503 19,
1599 446 1628 502 S
1661 440 1694 491 5
1729 442 1921 492 evaluit.

295 531 342 592 3)
375 530 580 580 Carolus
610 545 653 579 a.
693 523 847 580 1341
886 526 1017 599 (VIII
1046 545 1090 578 V.
1128 527 1181 590 7,
1213 544 1264 593 p.
1291 524 1436 590 338)
1470 528 1838 590 „Confirmatio
1862 527 2033 577 Dona—

121 616 268 666 tionis
306 615 612 680 privilegialis
651 615 711 664 ad
749 615 822 664 sui
855 614 1209 664 durabilitatem
1247 621 1295 663 et
1324 613 1743 679 perpetuationem
1782 613 2030 663 irrevoca-

121 701 286 762 bilem,
326 707 562 750 metarum
595 700 1002 750 reambulationes
1033 705 1082 749 et
1111 700 1400 761 erectiones,
1443 714 1554 749 cum
1586 699 1858 748 Donatione
1884 714 2032 765 prae—

123 787 284 836 habita
315 787 568 836 continere
599 786 758 845 debet,
791 800 882 835 nec
914 785 1018 834 sine
1048 785 1140 835 hac
1165 783 1373 849 juridice
1404 801 1513 835 esse
1544 788 1774 849 potest“.

609 1073 727 1140 VI.
802 1074 1006 1139 Rex
1079 1070 1546 1140 Salomon

717 1227 774 1276 ab
806 1242 932 1276 anno
971 1223 1126 1277 1063
1155 1256 1222 1262 —
1254 1221 1431 1276 1074.

984 1391 1026 1466 §
1073 1394 1168 1449 13.

315 1546 505 1605 Felix,
547 1545 679 1595 dum
721 1559 976 1593 concors
1008 1559 1140 1593 cum
1179 1543 1566 1609 patruelibus
1608 1553 1842 1608 ageret3

298 1706 444 1768 Bela
472 1717 725 1781 mortuo,
760 1727 891 1767 cum
920 1703 1078 1765 filius
1112 1707 1238 1790 ejus
1271 1707 1499 1789 Geyza,
1531 1703 1703 1767 modo
1734 1703 2031 1768 natalibus

131 1802 189 1854 et
218 1791 445 1853 meritis
477 1790 603 1852 suis
645 1812 982 1877 congruens
1022 1812 1130 1876 per
1170 1790 1547 1852 Salomonem
1586 1789 1774 1853 honor
1818 1789 2034 1854 habea-

128 1889 246 1951 tur,
277 1875 584 1938 beneficiis
615 1899 743 1938 cum
777 1900 865 1952 ρο,
897 1898 1067 1960 quam
1098 1874 1276 1937 armis
1305 1888 1533 1938 certare
1566 1898 1631 1937 se
1662 1876 1854 1953 malle,
1887 1878 2034 1940 Cae-

125 1960 247 2023 sari
286 1961 731 2038 denunciasset,
772 1961 868 2023 hic
897 1961 1270 2023 Salomonem
1314 1961 1491 2024 etiam
1531 1973 1655 2024 tum
1685 1984 1932 2047 puerum
1972 1962 2035 2023 in

124 2046 497 2132 Hungariam
534 2047 802 2124 reduxit,
837 2069 945 2134 per
976 2070 1179 2110 omnes
1221 2046 1523 2123 lubenter,
1556 2047 1903 2145 prolixeque
1941 2071 2033 2110 ac-

125 2144 390 2218 ceptum,
441 2146 901 2219 coronatumque
948 2132 1176 2196 iterum.
1243 2135 1460 2218 Neque
1506 2145 1704 2196 tamen
1758 2133 2036 2196 diuturna

123 2216 272 2279 haec
303 2218 625 2281 animorum
653 2218 791 2282 unio
822 2219 957 2295 fuit,
998 2217 1152 2304 quod
1182 2218 1464 2281 Salomon
1506 2218 1749 2282 consilio
1781 2219 2033 2282 Comitis

124 2302 267 2378 vid,
300 2326 470 2389 quem
499 2316 791 2390 tamquam
823 2304 1188 2390 Magistrum
1218 2302 1415 2366 datum
1446 2303 1560 2366 sibi
1592 2304 1884 2382 audiebat,
1914 2317 2033 2368 ter-

125 2387 267 2450 tiam
296 2390 646 2474 Hungariae
674 2402 900 2476 partem
933 2389 1142 2454 cedere
1172 2390 1444 2452 Ducibus
1477 2390 1881 2453 cunctabatur.
1911 2393 2032 2454 Res

117 2476 244 2559 jam
292 2472 364 2535 ad
402 2474 616 2536 bellum
648 2476 985 2562 spectabat,
1026 2476 1118 2538 cui
1149 2475 1426 2538 accinctis
1457 2475 1726 2538 Ducibus
1756 2480 1887 2540 Rex
1917 2479 2033 2539 Po-

128 2557 320 2621 loniae
350 2560 665 2621 Boleslaus
697 2560 880 2647 copiis
918 2561 1046 2623 suis
1091 2561 1428 2645 adjumento
1459 2561 1720 2624 futurum
1760 2586 1826 2625 se
1865 2561 2032 2625 obtu-

126 2643 229 2718 lit;
264 2668 442 2731 opera
472 2657 667 2709 tamen
691 2646 1000 2709 Praesulis
1022 2646 1403 2710 Jaurinensis
1427 2669 1543 2733 pax
1573 2647 1805 2710 coaluit.
1836 2649 2033 2731 Hujus

127 2729 357 2792 fructus
395 2730 575 2793 rebus
614 2755 720 2818 per
750 2731 1115 2817 subsequum
1150 2735 1479 2795 octennium
1519 2731 1808 2794 adversus
1839 2733 2032 2795 Bohe-

128 2838 285 2892 mos»,
317 2817 648 2894 CumanoS,
680 2817 1085 2903 Bissenosque
1116 2839 1402 2904 prospere
1434 2817 1629 2902 gestis
1660 2817 2032 2905 amplisSimi3

129 2903 414 2964 Tau-runo
453 2914 650 2965 tamen
687 2902 1044 2989 (Belgrado)
1083 2900 1373 2966 deditione
1405 2915 1681 2990 accepto,
1714 2903 1912 2967 subita
1939 2927 2032 2966 re-

0 3043 2 3069 .
128 3008 261 3048 rum
303 2999 507 3050 secuta
547 3001 640 3051 est
678 2988 1006 3051 conversio.
1049 2992 1281 3051 Ansam
1326 2990 1543 3052 Graeci
1588 2988 1900 3067 dederunt,
1964 3002 2031 3052 ut

0 3086 4 3139 ξ
131 3093 377 3157 quorum
406 3072 640 3158 plurimi
687 3074 831 3137 duce
860 3075 1116 3137 Nicaeta
1154 3074 1215 3136 in
1246 3078 1487 3160 Geysae
1517 3073 1722 3153 fidem,
1764 3075 1934 3161 pauci
1963 3098 2030 3137 se

0 3174 1 3188 ³
132 3154 205 3218 ad
243 3157 614 3220 Salomonem
656 3161 1056 3237 contulerunt,
1109 3160 1264 3246 quod
1303 3183 1409 3248 per
1439 3158 1686 3237 Vidum,
1724 3164 1847 3246 jam
1896 3183 2029 3247 pro-

130 3241 357 3305 vinciae
387 3244 697 3305 Bacsiensi
731 3246 1089 3331 praefectum
1108 3295 1122 3322 ,
1160 3246 1476 3332 impigrum
1508 3267 1640 3306 eum
1671 3244 1899 3329 quidem
1928 3244 2032 3307 mi-

131 3327 312 3405 litem,
345 3326 449 3390 sed
472 3325 760 3392 hominem
791 3330 996 3392 immiti
1024 3329 1264 3414 ingenio
1292 3329 1425 3414 regi
1451 3329 1776 3392 constabat.
1800 3333 2029 3415 Geyza,

60 3414 70 3417 ⁷
134 3435 281 3498 quos
326 3413 386 3475 in
434 3411 605 3475 fidem
645 3415 897 3501 recepit,
942 3414 1197 3477 dividere
1241 3437 1371 3475 cum
1418 3414 1731 3477 Salomone
1778 3416 2029 3479 relucta-

0 3546 8 3576 ,
133 3509 258 3575 tuS,
304 3499 433 3562 sine
476 3498 611 3562 litro
660 3523 862 3564 omnes
906 3500 1124 3564 liberos
1156 3498 1403 3574 dimisit3·
1446 3503 1574 3564 Rex
1618 3524 1759 3565 vero
1803 3525 1928 3566 eam
1969 3503 2029 3564 in

0 3577 18 3918 ι
179 3592 416 3651 'BARTAL
445 3607 493 3652 T.
509 3607 562 3652 11.
1614 3593 1647 3645 3
