2280 3918
2011 209 2084 264 '13

170 350 533 435 disciplinam
574 348 886 434 religionis
929 347 1129 410 acrius
1166 348 1342 411 etiam
1371 346 1889 433 adstringendam,
1917 348 2083 433 plura

169 435 603 510 constitueret,
660 458 767 521 per
819 457 969 519 quae
1012 433 1366 496 Catholici
1419 435 1780 518 comparavit
1836 432 1948 494 sibi
1992 457 2086 494 co-

169 533 570 605 gnomentum.

1057 710 1198 785 §a

422 879 596 930 opera
642 870 699 912 et
742 862 997 911 Decreto
1044 877 1150 912 suo
1197 863 1544 914 restitutam
1592 874 1830 922 nact11S,

343 1021 814 1104 Constitutiones
851 1021 986 1085 illae
1017 1020 1088 1083 de
1129 1021 1316 1085 forma
1363 1024 1776 1100 Comitiorum,
1808 1023 1874 1084 >si
1914 1045 2088 1107 quae-

163 1133 294 1187 raS,
340 1110 397 1173 in
437 1107 701 1172 Concilio
741 1107 1055 1171 Meliorum
1093 1120 1153 1171 et
1183 1111 1509 1194 Majorum,
1556 1108 1874 1174 Seniorum
1907 1120 1965 1170 et
1997 1130 2089 1168 sa-

168 1194 476 1284 pientium,
522 1206 838 1281 praesente
885 1192 1225 1257 testimonio
1281 1195 1442 1258 Cleri
1480 1207 1540 1259 et
1571 1195 1768 1282 populi
1819 1192 2089 1257 conditae

169 1293 323 1349 sunt.
375 1280 612 1343 Primus
647 1303 750 1342 eas
781 1279 1099 1342 memoriae
1128 1279 1412 1366 prodidit,
1468 1279 1852 1367 Biographus
1887 1303 1934 1342 s,
1974 1281 2090 1342 Ge-

169 1365 345 1430 rardi.
399 1369 569 1444 Dux,
616 1365 698 1428 ait
732 1364 814 1441 is,
858 1364 1139 1428 Andreas
1176 1365 1376 1429 statim
1419 1379 1595 1452 atque
1634 1367 1691 1428 in
1727 1366 1889 1429 Alba
1925 1388 2090 1428 coro—

167 1463 343 1515 natus
392 1464 524 1528 est,
582 1450 885 1539 praecepit
923 1449 1238 1514 universae
1284 1451 1450 1537 genti
1497 1475 1675 1529 suae,
1740 1451 1851 1513 sub
1902 1473 2091 1537 poena

169 1538 439 1625 capitalis
477 1538 829 1614 sententiae,
873 1548 941 1599 ut
976 1534 1246 1624 deposito
1280 1537 1400 1601 ritu
1437 1537 1772 1624 paganismi
1809 1534 1881 1599 ad
1917 1535 2091 1598 fidem

167 1623 398 1688 Christi
419 1635 894 1698 reverterentur,
939 1634 1000 1685 et
1026 1622 1351 1687 secundum
1384 1635 1613 1688 statuta
1646 1622 1837 1708 Regis
1870 1647 1917 1684 S.
1949 1627 2091 1685 Ste-

167 1709 346 1798 phani
380 1709 683 1786 viverent,
738 1705 891 1795 quod
925 1720 985 1772 et
1024 1708 1242 1772 factum
1271 1721 1382 1772 est.
1445 1713 1538 1772 Ex
1576 1708 1816 1794 legibus
1858 1732 1998 1771 vero
2037 1706 2091 1769 d.

167 1795 506 1873 Ladislai1)
542 1806 778 1859 constat
815 1792 1151 1881 speciatim,
1201 1795 1450 1858 Andrea
1495 1807 1765 1871 auctore,
1802 1794 1982 1858 trium
2008 1792 2091 1855 di-

167 1904 339 1948 erum
363 1880 628 1967 vigiliam
662 1880 736 1943 ad
758 1880 977 1943 festum
1004 1879 1057 1942 d.
1090 1879 1259 1944 Petri
1287 1880 1637 1944 institutam.
1671 1883 1829 1943 Sunt
1860 1880 2091 1943 demum
2147 1892 2148 1895 ’

168 1966 522 2054 scriptoreS,
573 1966 682 2053 qui,
705 1964 1178 2051 antiquissimam
1212 1966 1367 2053 apud
1400 1970 1730 2052 Hungaros
1763 1964 1834 2030 de
1867 1965 2091 2031 honore

167 2065 410 2116 sanctae
459 2052 637 2116 Cruci
674 2051 943 2115 hahendo
975 2051 1173 2136 legem
1208 2060 1258 2131 2)
1298 2052 1582 2115 Andreae
1624 2051 1761 2114 huic
1796 2063 2090 2115 asserant.

167 2141 450 2216 Quorum.
481 2161 725 2202 numero
773 2160 868 2200 me
914 2160 1147 2223 quoque
1202 2139 1503 2202 accenseri
1551 2137 1827 2201 lubenter
1881 2137 2089 2224 patior.

167 2222 338 2287 Nihil
368 2223 577 2287 horum
612 2222 925 2287 Bonfinius
960 2223 1020 2284 in
1064 2247 1172 2285 suo
1216 2223 1496 2287 Andreae
1546 2223 1767 2298 edicto,
1809 2224 1970 2308 stylo
2006 2223 2091 2285 le—

170 2333 314 2395 gum
357 2312 499 2372 Xll.
539 2309 906 2373 Tabularum
947 2322 1262 2386 exornatO,
1289 2317 1339 2384 3)
1387 2309 1493 2372 sed
1532 2309 1647 2371 alia
1678 2309 1860 2372 habet
1883 2307 1953 2372 de
1984 2308 2089 2370 sal-

168 2395 256 2458 sis
283 2395 422 2465 Diis
452 2393 846 2482 abrogandiS,
894 2418 1141 2481 quorum
1173 2393 1319 2458 nihil
1351 2394 1722 2482 biographus
1754 2395 1854 2458 ille
1891 2394 2089 2457 memi—

134 2539 147 2553 ‚
170 2480 284 2552 nit3
327 2481 466 2566 quin
489 2504 598 2543 nec
619 2480 948 2569 plagiarius
983 2479 1505 2579 chronographuS,
1553 2485 1721 2568 cujus
1747 2480 1901 2567 apud
1923 2479 2088 2542 Thu--

169 2566 433 2628 roczium
475 2566 874 2630 narrationem
899 2573 952 2645 4)
993 2568 1305 2630 Bonfinlus
1349 2567 1648 2653 sequitur,
1696 2579 1924 2631 tantum
1960 2567 2088 2628 loco

171 2650 282 2713 hoc
314 2651 674 2714 comminisci
704 2675 888 2714 ausus
924 2664 1032 2714 est.

308 2839 349 2898 ι)
395 2837 451 2886 L.
485 2838 523 2887 1.
558 2853 602 2887 c.
639 2833 736 2887 37.

303 2925 352 2984 2)
395 2923 538 2983 Plura
568 2923 628 2974 de
659 2923 752 2973 hac
781 2923 913 2989 apud
945 2923 1200 2975 Galeotum
1231 2941 1341 2990 cap.
1376 2925 1544 2975 XXIX.

310 3009 356 3069 3)
404 3008 496 3066 Qui
514 3008 743 3059 Edictum
770 3010 864 3059 hoc
885 3010 1080 3075 corpori
1103 3009 1231 3075 juris
1266 3011 1449 3062 illatum
1473 3012 1552 3071 sit,
1579 3010 1856 3061 Kovachich
1875 3011 1924 3060 in
1949 3005 2084 3061 Vest.

179 3092 320 3141 Com.
353 3109 404 3158 p.
438 3088 536 3143 44.
571 3094 755 3145 Katona
787 3095 836 3144 in
868 3095 999 3160 Epit.
1034 3095 1208 3145 chron.
1244 3112 1340 3146 rer.
1375 3097 1530 3161 hung.
1565 3096 1618 3146 P.
1655 3097 1691 3145 I.
1722 3113 1772 3163 p.
1817 3093 1931 3147 130
1972 3112 2089 3145 exo-

173 3178 356 3243 quitur.
1803 3163 1807 3166 ⁴

304 3265 353 3324 4)
401 3261 819 3329 Chronographus
858 3265 987 3330 apud
1026 3266 1352 3317 Thuroczium
1394 3282 1503 3331 cap.
1547 3261 1627 3316 [ιὸ
1660 3266 1888 3330 superius
1927 3266 2087 3326 citata,

172 3346 425 3414 biographi
456 3348 505 3398 d.
539 3347 738 3398 Gerardi
769 3350 914 3400 verba
945 3351 1010 3400 ita
1042 3351 1226 3401 reddit:
1267 3352 1375 3402 Dux
1404 3352 1621 3400 Andreas
1652 3367 1678 3399 a
1709 3351 2093 3416 perturbationi-

172 3433 265 3496 bus
295 3434 509 3484 hostium
543 3449 748 3484 securus
781 3435 1014 3494 effectus,
1065 3436 1114 3484 in
1146 3436 1276 3501 regia
1310 3436 1510 3486 Civitate
1541 3435 1656 3486 Alba
1687 3436 1899 3501 regalem
1933 3437 2092 3488 Coro-

175 3535 284 3568 nam
317 3528 389 3569 est
422 3520 654 3584 adepmS,
704 3519 953 3585 praecepit
995 3520 1158 3586 itaquo
1198 3522 1450 3588 universae
1489 3522 1620 3585 genti
1659 3537 1773 3571 suae
1814 3523 1903 3572 sub
1935 3539 2090 3588 poena
