2358 3874
2005 208 2129 266 179

183 366 296 405 (ue
330 354 521 418 esset,
554 341 708 403 bello
741 354 949 404 contra
980 343 1331 404 Ottocarum
1363 343 1662 420 consectO,
1696 343 1902 405 amicis
1935 346 2127 430 pactis

182 366 693 489 determinaretur.
741 430 874 487 Hac
919 438 1115 488 tamen
1161 426 1290 488 vice
1328 450 1533 512 pacem
1565 429 1914 504 Ottocarus,
1954 452 2128 513 quam

181 510 398 573 bellum
448 511 680 584 maluit,
732 511 1150 595 pollicitusque
1211 533 1384 574 omne
1419 511 1520 587 id,
1579 512 1735 596 quod
1773 512 2128 597 Hungariae

185 593 592 680 decerpsisset
634 593 1048 680 (Sopronium,
1079 594 1461 680 Nitriamque
1499 596 1800 675 tenebat),
1844 597 2124 660 continuo

179 678 523 754 restituere,
543 679 810 763 duasque
830 700 1081 751 coronas
1102 700 1338 754 aureas,
1360 702 1431 741 ac
1444 680 1690 743 totidem
1712 693 1969 767 sceptra,
1991 704 2126 743 vas-

182 785 295 846 que
338 786 486 826 auro
537 775 598 825 et
652 762 888 848 gemnis
938 774 1239 838 ornatum,
1292 763 1524 849 aliaque
1574 764 1842 828 clenodia
1891 765 2130 828 sublata

180 846 317 908 olim
348 870 457 932 per
494 870 730 909 socrum
763 869 932 909 suam
970 845 1246 922 reddere,
1285 849 1408 910 voti
1448 849 1674 934 potitus
1718 862 1829 914 est.
1871 849 2125 914 Biennio

178 942 378 993 tamen
421 944 559 1017 post
597 934 825 995 Caesar
863 930 1138 995 Ottocari
1168 931 1442 993 irritatus
1475 933 1748 1018 persidia,
1788 934 2127 998 instaurato

181 1039 314 1077 cum
345 1019 664 1100 Hungaris
694 1014 955 1091 foedere,
985 1037 1202 1077 novum
1232 1017 1543 1102 apparavit
1582 1017 1828 1093 bellum,
1861 1018 1935 1080 ad
1973 1017 2130 1102 quod

180 1099 507 1163 Ladislaus
540 1108 766 1180 (1278)
798 1099 1012 1185 viginti
1034 1102 1437 1162 Cumanorum
1468 1101 1727 1164 millibus
1796 1101 2128 1180 raemissiS‚

182 1184 315 1269 ipse
347 1208 580 1270 quoque
614 1208 745 1246 cum
777 1184 987 1270 majori
1019 1189 1449 1269 Hungarorum
1483 1206 1658 1248 manu
1691 1206 1726 1248 a
1767 1186 1906 1260 suit3
1940 1185 2130 1273 eripe-

180 1291 248 1331 re
278 1292 487 1355 nempe
519 1293 589 1333 se
623 1268 1011 1345 umbraculis,
1053 1268 1113 1330 in
1152 1268 1370 1354 quihus
1401 1268 1690 1333 hactenus
1722 1272 1797 1334 ad
1828 1294 2128 1334 armorum

182 1375 249 1414 se
289 1377 464 1414 usum
512 1366 918 1440 compararat,
969 1366 1029 1416 et
1073 1353 1230 1439 quod
1274 1366 1485 1417 nosset
1515 1356 1896 1443 praecipuum
1959 1356 2129 1440 genti

181 1459 327 1499 suae
359 1436 431 1498 ad
462 1438 642 1500 sortia
672 1438 830 1500 facta
858 1438 1182 1513 stimulum,
1213 1438 1407 1523 Regis
1439 1439 1499 1501 in
1530 1440 1687 1502 bello
1723 1441 2125 1526 praesentiam

180 1543 338 1597 esse,
388 1520 525 1584 huic
555 1522 714 1584 illius
747 1523 1000 1607 gloriae,
1032 1523 1086 1583 si
1126 1523 1462 1584 necessitas
1499 1524 1681 1600 ferat,
1728 1521 2027 1587 victimam
2060 1547 2128 1587 se

181 1605 324 1668 dare
356 1606 715 1692 properavit.
744 1610 939 1671 Caeso
971 1606 1030 1668 in
1067 1607 1292 1692 campis
1329 1607 1837 1671 Stillfridensibus
1881 1610 2128 1672 Ottoca-

180 1713 248 1753 ro
287 1703 665 1777 perpetratae
698 1691 1122 1755 celeberrimae
1171 1692 1456 1755 victoriae
1485 1706 1716 1779 partem
1746 1694 2129 1779 praecipuam

181 1776 513 1861 scriptores
546 1798 779 1861 quoque
813 1775 1098 1839 Germani
1129 1776 1445 1860 Hungaris
1479 1776 1845 1862 adjudicant,
1880 1801 2030 1861 quos
2060 1789 2128 1838 ut

182 1871 466 1923 strenuos
505 1883 743 1946 semper
789 1872 849 1923 et
893 1861 1169 1923 hostibus
1207 1860 1434 1946 passim
1473 1857 1845 1947 superioreS,
1887 1862 2001 1924 hoc
2039 1872 2127 1924 ta-

181 1967 317 2007 men
355 1943 511 2007 bello
542 1945 871 2030 pertinacia
908 1943 1180 2007 vincendi
1211 1967 1278 2006 se
1320 1943 1487 2030 ipsos
1527 1968 1853 2031 superasse
1899 1958 2128 2008 testan-

179 2041 295 2092 tur.
321 2027 494 2105 Quod
524 2042 699 2092 scuta
718 2052 953 2114 quoque
979 2041 1038 2091 et
1071 2029 1289 2091 vexilla
1317 2027 1659 2106 BohaemiS,
1694 2029 1964 2106 Polonis‚
1996 2034 2127 2093 Mo-

180 2113 461 2198 ravisque
499 2125 732 2200 erepta,
772 2126 833 2176 et
871 2113 945 2176 ad
976 2114 1318 2176 memoriam
1357 2113 1445 2175 rei
1485 2138 1601 2177 non
1642 2114 1838 2176 minus
1869 2115 2126 2192 fortiter,

182 2220 358 2283 quam
388 2197 641 2261 feliciter
673 2211 907 2283 gestae,
937 2198 998 2259 in
1032 2198 1282 2260 basilica
1312 2198 1367 2259 h.
1389 2199 1670 2284 Virginis
1700 2199 1959 2262 Albensi
1991 2222 2127 2261 sus-

177 2305 365 2368 pensa
421 2283 841 2354 ostentabant3
895 2282 1164 2367 reliquus
1223 2282 1629 2368 amplissimus
1677 2286 1964 2347 victoriae
2003 2283 2126 2346 fru-

183 2379 316 2429 ctus
349 2366 423 2428 ad
453 2368 646 2429 solum
677 2364 1053 2453 Rudolphum
1086 2369 1409 2430 Caesarem
1441 2367 1735 2453 pervenit,
1767 2381 1834 2430 ut
1871 2363 2018 2431 adeo
2051 2390 2127 2428 ex

182 2474 326 2513 vero
355 2451 614 2534 judicari
657 2452 877 2536 possit:
918 2464 979 2514 et
1012 2450 1364 2514 Ladislaum
1403 2464 1463 2514 et
1501 2465 1746 2537 gentem
1783 2453 2126 2515 universam

182 2535 604 2621 praesensisse
653 2535 875 2611 animo,
935 2548 1115 2621 atque
1162 2559 1502 2620 augurasse
1551 2537 2010 2621 quodammodo,
2058 2559 2128 2599 eo

186 2643 254 2682 se
284 2619 495 2706 praelii
548 2619 874 2682 difficillimi
921 2620 1126 2683 labore
1162 2620 1225 2681 in
1264 2621 1556 2683 firmanda
1594 2620 1783 2706 stirpe
1829 2620 2128 2705 fundoque

183 2719 463 2767 aeternae
494 2707 727 2767 Domus
759 2705 1008 2780 versari,
1042 2729 1116 2767 ex
1147 2728 1263 2790 qua
1292 2705 1498 2767 liberis
1525 2704 1660 2767 olim
1694 2717 1972 2790 nepotum
2005 2704 2127 2766 suf-

183 2789 396 2874 fragiis
445 2789 739 2874 legendus
780 2789 1074 2875 Princeps
1116 2812 1329 2852 novam
1385 2789 1635 2852 daturus
1677 2801 1845 2851 esset
1889 2792 2125 2873 Regum

182 2874 535 2958 Hungariae
566 2874 975 2970 propaginem,
1009 2896 1160 2959 quae
1188 2886 1313 2936 tum
1345 2887 1560 2961 sponte
1591 2886 1841 2935 naturae
1872 2896 2019 2935 suae
2050 2872 2123 2934 ad

185 2980 450 3019 summas
498 2959 842 3043 Principum
862 2961 1034 3043 juste
1072 2971 1134 3021 et
1172 2958 1438 3043 legitime
1470 2958 1885 3044 imperantium
1917 2957 2124 3019 laudes

183 3040 340 3104 ferat
376 3065 469 3115 se3
507 3053 635 3104 tum
672 3065 812 3104 vero
845 3042 1477 3139 cognationequoque
1511 3042 1784 3127 generis,
1824 3065 1929 3104 eos
1969 3042 2122 3103 enim

186 3137 427 3201 ataVOS,
477 3148 629 3210 quos
666 3130 985 3211 Hungarla
1022 3131 1258 3202 Duces,
1297 3131 1624 3212 Regesque
1665 3124 1914 3211 Arpado
1954 3136 2122 3186 satos

185 3219 479 3286 numerat,
512 3209 583 3271 ad
616 3211 1085 3273 conservandam
1122 3211 1576 3294 augendamque
1599 3209 1856 3271 nominis
1891 3208 2122 3293 hunga-

185 3294 294 3356 rici
326 3294 554 3357 seratur
582 3293 852 3377 gloriam.
