2358 3874
326 230 561 300 xxxw

321 365 537 416 Zantou
576 362 686 414 alio
729 361 946 412 nomine
990 357 1306 410 lsouteleke
1352 364 1607 409 vocatam
1660 358 1892 425 predicti
1934 358 2265 412 Valentinus

320 462 374 504 et
399 451 685 503 Johannes
726 464 794 499 ac
837 446 979 498 alter
1005 444 1290 497 Johannes
1332 452 1585 495 tenerent
1625 453 1679 496 et
1717 454 2134 511 conservarent,
2164 449 2263 499 sed

320 556 429 608 quo
478 537 614 589 Jure
665 542 719 586 et
768 533 924 585 titulo
988 534 1219 585 eandem
1260 531 1614 599 possiderent
1652 533 2011 601 ignorarent,
2051 533 2264 593 Quibus

322 627 538 696 quidem
579 621 778 675 litteris
818 619 1093 682 exhibitis,
1133 617 1352 687 prefato
1381 618 1653 688 magistro
1679 618 1912 671 Nicolao
1937 619 2048 673 filio
2067 620 2263 673 Lachk

320 712 599 781 premissa
635 710 1008 760 Instrumenta
1047 724 1152 775 per
1190 707 1440 774 predicto
1469 706 1823 758 Valentinum
1864 705 2177 761 Johannem
2209 718 2264 761 et

318 799 554 851 alterum
592 795 900 847 ,Iohannem
949 795 1003 846 in
1044 810 1273 846 causam
1314 802 1587 846 attractos
1628 796 1790 847 modo
1832 794 2126 863 prehabito
2167 812 2260 847 ex-

317 886 495 938 hiberi
533 891 860 950 assumpta,
913 899 1017 950 per
1068 882 1292 933 eosdem
1346 898 1535 933 coram
1574 881 1734 933 nobis
1775 881 2023 937 exhiheri
2072 891 2263 951 postu-

307 970 490 1034 lante,
528 971 691 1039 ydem
730 969 1063 1021 Valentinus
1103 986 1172 1020 ac
1211 968 1498 1021 Johannes
1542 978 1597 1020 et
1636 969 1777 1021 alter
1815 968 2097 1022 Johannes
2135 987 2262 1038 per-

322 1058 591 1111 sonaliter
630 1068 1023 1127 exsurgenteS,
1067 1074 1170 1124 pro
1209 1057 1394 1125 ipsiS‚‚
1421 1073 1525 1124 per
1562 1057 1720 1125 ipsos
1759 1056 2009 1110 exhiberi
2049 1073 2264 1110 assum-

322 1146 432 1214 ptis
468 1144 868 1207 Instrumentis,
908 1144 1093 1195 Primo
1136 1144 1418 1211 predictas
1456 1143 1691 1207 litteras,
1733 1144 2025 1196 memorati
2063 1144 2265 1196 domini

321 1232 565 1285 Ladislai
592 1231 745 1300 regis
772 1248 876 1299 per
901 1229 1176 1298 prefatum
1206 1230 1536 1300 magistrum
1564 1229 1854 1282 Nicolaum
1881 1229 2052 1282 filium
2071 1229 2266 1283 Lachk

320 1321 374 1372 in
414 1318 750 1386 transcripto
795 1318 1171 1386 predictarum
1200 1317 1509 1369 litterarum
1534 1317 1811 1388 regalium
1852 1319 2010 1386 prius
2048 1327 2107 1371 vt
2139 1335 2266 1387 pre·

323 1407 548 1458 mittitur
610 1422 800 1458 coram
857 1405 1016 1457 nobis
1069 1403 1342 1456 exhibitas
1379 1401 1448 1455 'et
1495 1405 1548 1456 in
1605 1405 1956 1472 presentibus
2004 1406 2266 1474 superius

324 1493 623 1547 verbaliter
661 1500 952 1545 contentas
990 1491 1044 1543 in
1086 1492 1275 1559 specie
1318 1509 1385 1543 ac
1426 1492 1671 1559 insuper,
1711 1494 1983 1561 quasdam
2023 1501 2263 1561 quatuor

320 1581 536 1632 litteras
575 1580 830 1644 clausaS,
879 1595 1047 1630 unam
1087 1563 1279 1629 fratris
1321 1577 1552 1648 Georgy
1600 1579 1805 1649 prioris
1850 1587 1904 1631 et
1944 1578 2265 1632 Conventus

321 1667 732 1720 Cruciferorum
775 1668 842 1717 de
881 1665 1076 1718 calidis
1116 1666 1294 1734 aquiS,
1335 1675 1389 1717 et
1427 1669 1730 1718 secundam
1776 1684 1845 1718 ac
1883 1667 2111 1719 terciam
2150 1683 2264 1719 ma·

323 1755 484 1825 gistri
522 1753 704 1822 Alexy
745 1752 1006 1805 Custodis
1045 1752 1284 1804 ecclesie
1325 1754 1638 1823 Vacyensis
1686 1771 1753 1806 ac
1792 1755 2020 1824 Vycary
2057 1755 2110 1807 in
2150 1748 2262 1823 spi-

320 1841 612 1893 ritualibus
651 1840 933 1910 generalis
971 1839 1326 1892 Venerabilis
1362 1840 1418 1892 in
1447 1840 1670 1893 Christo
1711 1842 1888 1910 patris
1925 1841 2117 1893 fratris
2149 1841 2262 1894 Ro-

321 1927 529 1996 dolphy
568 1927 809 1979 eiusdem
849 1926 1085 1979 ecclesie
1128 1927 1444 1997 Vacyensis
1482 1929 1766 1998 Episcopi,
1806 1947 1910 1981 nec
1947 1947 2058 1982 non
2098 1946 2262 1999 quar-

319 2025 433 2067 tam
480 2014 684 2066 domini
720 2014 938 2066 Nicolai
976 2014 1164 2067 Konth
1221 2018 1456 2067 condam
1510 2017 1739 2084 palatini
1786 2025 2068 2086 patentem
2116 2015 2263 2069 affir-

321 2101 612 2153 matoriam
668 2101 727 2153 In
772 2101 932 2153 annis
984 2111 1038 2153 et
1077 2102 1324 2154 terminis
1363 2102 1738 2172 infrascriptis
1779 2103 2066 2156 confectas
2103 2104 2263 2156 nobis

321 2196 583 2240 curarant
626 2186 901 2252 exhiberi,
959 2189 1018 2241 In
1060 2206 1295 2258 quarum
1335 2191 1513 2258 prima
1554 2191 1806 2243 videlicet
1855 2191 2033 2260 ipsius
2070 2190 2263 2243 fratris

321 2275 550 2345 Georgy
593 2275 795 2343 prioris
838 2284 893 2326 et
932 2274 1252 2328 Conventus
1293 2275 1707 2330 cruciferorum
1759 2280 1825 2330 de
1866 2278 2063 2332 calidis
2101 2278 2262 2347 aquis

320 2361 463 2414 feria
502 2364 748 2414 secunda
786 2363 1043 2431 proxima
1097 2372 1226 2415 ante
1265 2363 1466 2416 festum
1524 2365 1677 2417 beati
1715 2364 2088 2417 Bartholomei
2126 2382 2260 2433 apo-

318 2448 443 2500 stoli
482 2448 645 2500 Anno
684 2450 952 2501 dominice
992 2451 1402 2504 incarnacionis
1435 2452 1533 2505 Mo
1555 2451 1787 2505 CCCmo
1827 2453 2096 2524 vigesimo
2129 2471 2258 2507 con-

319 2534 469 2588 fecta
517 2534 785 2588 Comitem
834 2537 1178 2590 Herbordum
1231 2541 1296 2590 de
1348 2539 1500 2592 Villa
1555 2540 1681 2592 Isou
1728 2542 1796 2592 de
1848 2540 2003 2592 iuxta
2055 2558 2261 2613 magna

315 2623 505 2675 Insula
555 2625 610 2675 in
651 2624 797 2676 dicto
841 2623 1123 2678 Comitatu
1160 2626 1393 2678 Albensi
1443 2628 1748 2690 existente,
1788 2645 1899 2680 vna
1938 2646 2060 2680 cum
2103 2628 2259 2681 Beke

318 2710 563 2762 Abraam
616 2710 802 2762 Endre
850 2720 905 2763 et
943 2712 1177 2765 Ethelen
1237 2713 1362 2783 filys
1421 2716 1538 2766 suis
1591 2717 1661 2767 ab
1715 2732 1824 2767 vna
1875 2724 2067 2783 parte,
2123 2716 2258 2767 Item

317 2795 573 2865 Egidium
612 2796 781 2850 filium
821 2798 1044 2851 Donath
1086 2803 1152 2852 de
1193 2803 1387 2853 eadem
1430 2820 1500 2852 ex
1542 2802 1722 2854 altera
1762 2802 2133 2869 personaliter
2165 2819 2257 2853 co-

320 2885 743 2951 ram'predictis
781 2885 956 2938 fratre
998 2886 1245 2958 Georgio
1297 2890 1482 2957 priore
1524 2899 1577 2941 et
1617 2887 1904 2940 Conventu
1943 2888 2257 2940 Crucifero·

317 2986 436 3020 rum
491 2972 902 3038 comparuisse,
962 2975 1397 3044 diuisionemque
1455 2977 1599 3027 inter
1650 2992 1712 3026 se
1765 2976 1818 3027 in
1871 2977 2017 3028 dicta
2067 2993 2257 3028 eorum

320 3056 679 3122 possessione
717 3059 845 3110 lsou
883 3062 1045 3112 modo
1087 3070 1142 3111 et
1180 3062 1371 3113 ordine
1410 3062 1607 3113 litteris
1646 3062 1700 3112 in
1730 3062 1939 3114 eisdem
1967 3062 2253 3116 declarato

317 3157 379 3192 se
418 3140 624 3195 fecisse
665 3144 958 3198 confessos
1008 3146 1183 3199 fuisse
1225 3148 1441 3199 seriose
1491 3149 1926 3216 comperientes,
1986 3167 2057 3201 ex
2112 3153 2257 3202 serie

318 3228 693 3295 predictarum
734 3234 962 3285 duarum
1000 3233 1307 3287 litterarum
1347 3236 1593 3288 annotati
1635 3236 1888 3307 magistri
1912 3234 2115 3306 ‘Alexy
2148 3236 2254 3289 Cu·

318 3315 492 3366 stodis
531 3325 586 3367 et
623 3317 835 3388 Vicary
872 3321 1034 3372 unius
1074 3321 1334 3374 videlicet
1371 3325 1618 3375 secundo
1659 3324 1746 3375 die
1784 3322 1914 3375 festi
1953 3324 2099 3376 beati
2130 3324 2253 3393 My-

320 3399 530 3452 chaelis
569 3402 899 3476 archangeli
937 3407 1100 3460 Anno
1140 3409 1342 3461 domini
1375 3410 1472 3461 Mo
1494 3407 1724 3462 CCCmo
1762 3410 2036 3462 tricesimo
2076 3410 2254 3478 primo

317 3494 370 3535 et
408 3486 638 3539 alterius
687 3493 788 3544 sub
827 3492 992 3546 Anno
1030 3495 1185 3547 uerbi
1224 3497 1494 3548 incarnati
1539 3497 1634 3548 Mo
1672 3495 1902 3549 CCCmo
1946 3495 2251 3548 Tricesimo
