2358 3874
1862 234 2127 287 XXXVll

192 369 455 430 secundo,
494 367 738 418 secundo
778 367 866 418 die
907 365 1034 417 festi
1064 365 1242 418 sancti
1275 364 1537 434 Anthonij
1572 365 1914 419 confessoris
1931 366 2126 436 Vacye

191 462 504 505 exortarum
542 451 843 505 Jamdietos
884 453 1038 505 Beke
1079 453 1265 504 Endre
1306 460 1360 503 et
1390 452 1516 504 Etel
1553 452 1697 506 filios
1737 454 1864 506 dicti
1897 454 2126 507 Comitis

188 539 458 592 Herbordi
516 557 584 592 ac
640 540 897 610 Egidium
955 539 1122 591 filium
1179 540 1405 608 Donaty
1462 539 1753 609 Magistris
1810 540 2016 593 Teteus
2074 551 2129 593 et

189 627 466 691 VezzeuS‚
506 630 574 679 de
615 627 760 679 dicta
800 627 1160 695 possessione
1196 626 1508 678 Isouteleke
1548 628 1732 679 dotem
1773 636 1828 680 et
1866 646 1961 680 res
2000 646 2128 696 par-

188 713 488 767 afl'ernales
541 714 757 766 domine
797 713 1119 782 Margarete
1177 713 1387 764 sororis
1437 714 1686 781 ipsorum
1727 715 2125 785 magistrorum

187 799 395 860 Teteus
436 809 490 852 et
527 800 789 851 Vezzeus
841 800 1032 851 relicte
1070 800 1325 852 videlicet
1378 801 1507 852 dicti
1554 801 1801 853 Abraam
1853 801 1947 871 fily
1999 820 2124 871 pre-

187 888 315 939 dicti
352 887 656 956 Herbordy,
695 888 748 938 in
789 887 1084 954 presencia
1124 887 1380 954 prelibati
1410 888 1674 958 Magistri
1705 888 1889 958 Alexy
1916 889 2127 959 Vicary

187 974 421 1026 soluisse
466 974 929 1025 adiuueneramus
988 973 1309 1037 manifeste,
1364 975 1617 1027 Predicta
1676 994 1877 1044 nempe
1931 986 2130 1046 quarta

186 1061 368 1113 littera
409 1060 600 1112 vltima
641 1060 853 1112 scilicet
893 1061 1141 1113 annotati
1181 1061 1384 1112 domini
1419 1061 1636 1113 Nicolai
1665 1061 1852 1113 Konth
1891 1065 2127 1115 condam

187 1148 417 1217 palatini
457 1147 854 1211 affirmatoria,
905 1157 1100 1216 quarto
1154 1148 1240 1200 die
1283 1146 1764 1218 Congregacionis
1810 1165 1912 1201 sue
1958 1167 2127 1219 gene*

187 1235 320 1289 ralis
358 1236 702 1288 uniuersitati
740 1234 1001 1287 nobilium
1033 1236 1340 1287 Comitatus
1378 1235 1640 1287 Albensis
1682 1235 1961 1289 celebrate
2001 1239 2128 1289 sub-

188 1332 311 1376 orta
731 1325 878 1392 quod
917 1324 1246 1375 Vicecomes
1286 1322 1511 1374 Judices
1551 1323 1808 1375 nobilium
1849 1332 1904 1376 et
1950 1323 2130 1376 Jurati

189 1427 514 1463 assessores
551 1411 728 1478 ipsius
755 1408 1254 1481 CongregacioniS‚
1295 1428 1399 1478 per
1436 1410 1617 1478 ipsum
1658 1411 1932 1462 dominum
1971 1412 2130 1480 pala-

188 1498 356 1549 tinum
396 1498 675 1566 requisiti,
717 1499 788 1549 ad
828 1496 991 1549 fidem
1036 1515 1226 1550 eorum
1266 1500 1369 1549 deo
1410 1498 1653 1549 debitam
1696 1497 2129 1568 fidelitatemque

188 1586 407 1637 domino
446 1585 694 1654 ipsorum
733 1585 854 1655 regi
894 1593 948 1636 et
989 1602 1089 1637 sue
1128 1602 1294 1637 sacre
1334 1602 1543 1637 corone
1594 1586 1751 1654 regie
1792 1601 2129 1637 conservan-

190 1675 335 1736 dam,
376 1681 525 1724 tacto
565 1671 782 1725 viuifice
822 1672 1004 1724 crucis
1043 1672 1198 1742 ligno
1242 1672 1530 1740 prestitam
1562 1689 1702 1724 voce
1740 1673 1981 1726 unanimi
2008 1673 2128 1726 tali-

188 1770 272 1812 ter
311 1760 392 1811 aff
437 1791 491 1798 -—
537 1791 601 1797 —
647 1791 714 1797 —-
1189 1759 1481 1811 Emericus
1522 1761 1588 1811 de
1629 1758 1815 1812 Beche
1854 1763 2130 1828 quandam

189 1847 517 1917 particulam
570 1857 718 1899 terre
774 1848 842 1900 de
898 1848 1275 1916 possessionis
1314 1845 1585 1899 Johannis
1635 1846 1730 1916 fily
1782 1848 1940 1899 Pauli
1977 1845 2129 1901 Isou-

189 1935 374 1987 'teleke
413 1943 618 1987 vocata
658 1953 783 1986 cum
822 1935 986 2004 sylua
1027 1944 1082 1987 et
1120 1935 1244 2004 alys
1284 1934 1610 1988 vtilitatibus
1649 1936 1766 1986 suis
1808 1953 1910 2004 pro
1941 1952 2004 1987 se
2035 1953 2129 1988 oc-

188 2031 478 2092 cupasset,
520 2032 573 2074 et
612 2025 834 2074 tandem
855 2022 1130 2093 Magister
1150 2022 1411 2074 Vezzeus
1449 2021 1596 2073 filius
1628 2023 1873 2076 eiusdem
1893 2023 2130 2081 Emerici

189 2111 260 2162 ad
299 2127 496 2162 manus
536 2110 726 2179 regias
767 2111 999 2161 eandem
1038 2110 1455 2177 possessionem
1486 2109 1855 2178 assignasset,
1882 2109 2130 2169 Quarum

190 2197 410 2266 quidem
452 2198 691 2249 omnium
722 2198 1117 2265 premissarum
1163 2198 1467 2248 litterarum
1510 2213 1612 2264 per
1643 2206 1912 2266 utrasque
1944 2207 2136 2265 partes

190 2286 353 2336 modo
392 2285 667 2352 premisso
708 2284 963 2352 proposit
987 2316 1050 2321 -
1076 2314 1134 2321 —
1391 2284 1784 2354 tenoribusque
1825 2287 2126 2344 earundem

191 2372 329 2439 ipsis
368 2372 620 2439 partibus
658 2388 761 2423 suo
795 2374 958 2424 modo
992 2371 1280 2440 expositiS,
1319 2371 1525 2422 eisdem
1557 2371 1807 2438 partibus
1839 2371 1992 2423 nulla
2019 2371 2132 2433 alia

190 2459 557 2511 Instrumenta
595 2468 786 2527 preter
825 2458 1170 2527 preexhibita
1208 2459 1261 2510 in
1304 2457 1453 2510 facto
1493 2458 1768 2526 premisso
1809 2475 1872 2510 se
1903 2458 2130 2522 habere,

190 2563 316 2614 ymo
368 2563 475 2598 nec
522 2564 669 2597 nunc
726 2564 830 2598 nec
880 2546 932 2597 in
993 2545 1235 2597 futurum
1289 2545 1480 2614 aliqua
1532 2544 1795 2603 exhibere
1849 2562 2021 2612 posse
2060 2549 2131 2599 ad

192 2642 443 2684 nostram
481 2633 904 2701 requisicionem
944 2632 1322 2684 referentibus
1754 2642 1943 2708 partes
1982 2631 2136 2687 Juris

193 2718 491 2787 equitatem
531 2720 584 2771 in
623 2720 913 2788 premissis
951 2737 1055 2787 per
1093 2735 1197 2772 nos
1237 2719 1341 2770 sibi
1380 2718 1666 2786 pecierant
1705 2720 1966 2789 elargiri,
2019 2719 2131 2772 Ve-

192 2822 311 2858 rum
352 2807 604 2875 quamuis
643 2807 949 2875 prelibatus
990 2807 1241 2857 dominus
1272 2804 1576 2859 Ladizlaus
1618 2822 1718 2857 rex
1757 2807 2129 2875 prescriptam

192 2902 398 2944 terram
447 2893 663 2946 Zantou
720 2903 974 2947 vocatam
1016 2892 1200 2946 Castri
1242 2892 1534 2956 Albensis‚
1593 2901 1647 2943 et
1698 2893 1852 2944 iuxta
1902 2896 2131 2957 eandem

193 2980 392 3032 dictam
451 2980 616 3033 aliam
666 2991 873 3034 terram
923 2981 1050 3033 Vek
1101 2981 1338 3032 hominis
1387 2980 1506 3031 sine
1563 2979 1768 3032 herede
1820 2982 2137 3040 decedentis

194 3066 481 3134 prelibatis
521 3067 692 3120 Petro
732 3068 976 3121 Abraam
1017 3087 1085 3121 ac
1126 3067 1337 3120 Comite
1373 3066 1585 3122 Jacobo
1626 3075 1680 3118 et
1706 3066 1992 3120 Herbordo
2027 3067 2133 3120 Ta-

195 3155 436 3206 varnicis
476 3163 529 3206 et
568 3154 834 3223 dapiferis
886 3157 1002 3209 suis
1052 3157 1176 3208 auis
1227 3155 1484 3217 videlicet
1536 3162 1590 3206 et
1643 3155 2138 3220 predecessoribus

196 3250 623 3293 memoratorum
662 3241 942 3293 Valentini
980 3242 1075 3311 fily
1100 3243 1297 3299 ¹Endre
1337 3257 1406 3293 ac
1443 3239 1714 3292 Johannis
1750 3239 1844 3308 fily
1887 3240 2046 3293 Pauli
2081 3250 2136 3293 et

195 3327 425 3380 alterius
474 3328 744 3381 Johannis
794 3329 887 3397 fily
937 3328 1154 3381 Nicolai
1207 3329 1260 3380 in
1320 3343 1554 3386 causam
1592 3335 1982 3392 attractorum,
2033 3330 2137 3381 sub

196 3415 634 3484 prescriptarum
693 3424 962 3471 metarum
1000 3415 1170 3475 Vallo
1225 3414 1439 3477 dederit
1491 3423 1546 3466 et
1587 3414 1907 3479 contulerit,
1974 3416 2133 3467 Post-

198 3505 524 3571 modumque
587 3501 835 3571 prefatus
873 3501 1437 3556 ComesHerbordus
1488 3520 1558 3555 ac
1618 3501 1746 3555 dicti
1804 3501 1899 3572 fily
1948 3504 2035 3557 sui
2084 3512 2138 3555 et
