2358 3874
347 253 427 308 76

350 413 460 452 nae
486 397 567 468 2),
625 408 841 450 nervus
876 385 1356 468 ›Transylvaniae
1381 391 1453 464 3),
1505 398 1564 448 et
1593 386 1773 449 urbes
1817 409 1923 472 per
1959 410 2062 450 eos
2085 436 2100 464 ,
2152 389 2250 449 ubi

348 471 541 537 aditus
573 497 646 535 ex
676 469 903 534 hostico
946 470 1258 556 proclivior
1297 482 1490 546 esset,
1524 471 1834 534 confestim
1871 485 2127 549 erectae,
2157 473 2252 536 de-

349 583 451 621 cus
483 580 802 641 murusque
841 554 1011 640 regni
1053 579 1124 617 ex
1170 578 1239 617 ea
1279 567 1474 642 parte,
1517 554 1870 619 dicerentur.

519 816 563 874 2)
596 812 708 860 Vide
742 810 1195 875 Grundversassung
1226 811 1312 860 der
1344 811 1561 860 Sachsen
1593 811 1642 860 in
1674 810 1902 862 Siebenb.
1938 827 1987 876 p.
2023 809 2162 861 221.

523 898 568 957 3)
601 897 720 945 lbid.
754 912 803 959 p.
841 891 936 944 23.

1209 1090 1250 1165 §
1297 1094 1390 1147 13.

402 1244 709 1307 perpetuis
755 1243 971 1291 deinde
1019 1256 1192 1290 eausa
1236 1234 1549 1290 libertatis
1594 1242 1822 1306 patriae
1867 1242 2046 1292 bellis
2090 1242 2192 1291 in-

1166 1325 1428 1375 volutus.

514 1490 725 1572 Geyza
766 1486 1108 1549 Borichium
1151 1484 1513 1548 haereditate
1553 1484 1784 1549 hostem
1822 1486 2083 1574 accepit,
2137 1510 2254 1550 non

343 1586 459 1635 tam
491 1595 596 1660 per
628 1596 694 1636 se
733 1596 830 1649 se,
865 1595 1034 1657 quam
1078 1571 1231 1657 quod
1266 1570 1523 1634 Conradi
1563 1575 1671 1633 111.
1698 1571 2081 1658 Imperatoris
2117 1595 2253 1635 con-

343 1658 560 1721 fidebat
589 1681 716 1744 ope,
754 1657 1086 1720 notabilem.
1134 1655 1467 1743 Guelphum
1495 1656 1694 1742 itaque
1732 1656 1976 1718 Henrici
2014 1658 2255 1744 superbi

344 1744 632 1807 Bavariae
667 1744 855 1805 Ducis
887 1743 1149 1819 fratrem,
1182 1744 1394 1826 Geyza
1431 1742 1491 1802 in
1526 1765 1668 1803 suas
1706 1741 1997 1828 pertrahit
2030 1755 2252 1829 partes,

342 1852 714 1914 annuumque
745 1827 880 1890 huic
918 1840 1126 1915 pactus
1157 1826 1533 1914 stipendium,
1567 1826 1812 1890 Caesari
1842 1826 2059 1890 bellum
2101 1828 2253 1892 domi

342 1927 671 2001 comparat;
715 1925 1089 1977 antevertere
1124 1925 1320 1976 tamen
1349 1912 1647 1998 nequibat,
1684 1912 1823 1998 quin
1853 1913 2092 1977 Austrii
2119 1936 2252 1977 cau-

341 2024 467 2063 sam
498 2000 710 2063 aemuli
751 1999 843 2061 sui
879 1997 1196 2079 (Borichii)
1245 1998 1424 2060 armis
1463 1997 1950 2085 propugnandam
1992 1999 2252 2088 suscipe-

340 2098 502 2159 rent3
535 2083 641 2148 sed
669 2084 876 2148 horum
907 2108 1046 2171 pars
1079 2083 1256 2161 caesi,
1288 2107 1428 2171 pars
1465 2107 1596 2146 cum
1628 2083 1889 2148 Henrico
1924 2087 2093 2148 Duce
2117 2107 2252 2173 pro-

340 2170 565 2257 fligati3
616 2169 931 2233 Borichius
976 2169 1265 2254 effugisse
1315 2182 1561 2232 mortem
1607 2167 1876 2247 videtur,
1929 2183 1996 2233 ut
2031 2170 2252 2235 diutius

339 2258 549 2333 miser,
589 2257 775 2319 altero
830 2255 1059 2319 demum
1104 2258 1351 2341 Geyzae
1398 2278 1527 2317 cum
1575 2255 1854 2318 Manuele
1887 2258 2253 2343 Imperatore

341 2346 703 2407 Graecorum
733 2341 888 2404 bello
920 2341 1314 2404 occumberet.

1202 2548 1244 2625 ς
1290 2551 1384 2605 14.

339 2700 734 2766 Hungariam,
790 2716 957 2767 quam
1004 2700 1154 2750 alter
1200 2700 1524 2751 Caesarum
1573 2700 1640 2751 ab
1695 2709 1856 2763 ortu,
1903 2701 1973 2752 ab
2023 2690 2248 2756 occasu

815 2787 966 2836 alter
1010 2785 1330 2852 subjugare
1376 2786 1763 2848 laborabant,

507 2949 597 3008 Ea
639 2945 791 3007 enim
830 2946 1206 3032 Principatns
1239 2948 1483 3030 Geyzae
1514 2958 1994 3035 eranttempora,
2035 2959 2101 3011 ut
2134 2951 2248 3009 lm-

338 3043 675 3117 peratorum
703 3043 972 3116 uterque,
1002 3032 1162 3094 velut
1190 3055 1264 3095 ex
1290 3045 1611 3119 compacto,
1627 3033 1997 3120 Hungariam
2018 3033 2248 3097 mittere

340 3116 449 3178 sub
472 3119 689 3201 jugum
727 3115 1071 3179 niterentur.
1118 3116 1240 3179 Sed
1277 3117 1431 3179 bella
1469 3141 1598 3180 cum
1678 3142 1852 3183 raeco
1889 3120 2091 3207 plura3
2170 3118 2246 3181 ri-

337 3202 412 3263 mi
456 3201 821 3267 occasionem
847 3201 1062 3264 Servia
1096 3200 1280 3276 dedit3
1323 3202 1476 3289 quod
1517 3142 1820 3276 Baciiinus
1851 3227 2105 3291 magnus
2129 3141 2246 3267 ¹ilu-

330 3290 431 3372 jus
471 3290 747 3374 Jupanus
801 3290 1179 3373 arrogantiae
1224 3288 1532 3375 fastusque
1573 3290 1893 3376 Byzantini
1933 3302 2246 3378 pertaesus

339 3397 441 3458 per
470 3374 700 3436 affinem
730 3397 901 3435 suum
929 3373 1208 3454 (Beluses
1242 3372 1338 3437 hic
1367 3398 1474 3439 seu
1499 3377 1647 3439 Bela
1673 3377 1783 3441 suit
1800 3380 2044 3462 Geyzae
2064 3398 2244 3439 avun-

341 3459 534 3536 culus)
566 3458 735 3520 sacile
782 3482 848 3521 se
895 3459 1225 3545 permoveri
1270 3484 1487 3548 passus
1530 3475 1650 3540 est,
1700 3476 1764 3526 ut
1806 3465 2028 3549 rejecto
2054 3464 2243 3524 Grae-

344 3564 539 3603 corum
571 3543 831 3627 imperio,
877 3567 942 3604 se
979 3567 1107 3606 eum
1148 3548 1273 3607 suis
1311 3547 1369 3607 in
1405 3548 1731 3611 clientelam
1768 3546 1959 3632 Regis
1996 3550 2242 3632 Hunga-
