2280 3918
2041 228 2124 280 53

193 365 446 425 allatura
479 362 991 425 esset-commoda
1024 365 1232 438 maris,
1277 367 1429 438 Rex,
1475 375 1539 424 ut
1570 376 1700 424 erat
1740 365 2131 448 perspicacis-

191 448 410 522 simuS,
467 446 696 508 ratione
742 448 1218 531 repraesentavit
1264 448 1414 523 sibi,
1484 448 1784 531 aetatique
1848 449 1921 510 ad
1985 445 2131 508 haec

195 532 414 594 utenda
462 531 596 593 olim
644 530 917 606 idoneae,
974 545 1040 594 ut
1094 531 1206 593 hoc
1259 555 1492 617 quoque
1547 531 1738 594 medio
1785 532 2130 594 securitatis

229 615 526 691 rovideat,
575 616 929 700 Rogerium,
976 617 1073 701 qui
1113 617 1483 678 Normannis
1531 617 1824 679 maritima
1873 618 2130 714 Apuliae

189 640 364 763 litora
414 714 473 763 et
511 701 775 763 Siciliam
822 701 1154 762 colentibus
1202 714 1504 787 praeerat,
1554 702 1709 764 bello
1757 704 1952 764 navah
1999 725 2127 763 cum

191 787 442 848 Graecis
484 798 543 848 et
582 785 830 849 Venetis
871 785 1018 846 inito
1060 787 1311 869 clarum,
1361 786 1599 848 foedere
1642 788 1757 849 sibi
1802 788 2131 873 adjungen-

189 871 323 932 dum
359 871 605 946 statuit,
646 871 940 956 filiamque
985 874 1117 955 ejus
1149 871 1415 932 Busilam
1450 875 1764 957 conjugem
1801 872 1995 959 petiit,
2035 896 2131 934 ac-

190 956 464 1042 cepitque
502 964 565 1034 1).
601 995 607 1004 ›

372 1228 412 1288 ¹)
445 1229 570 1278 Sunt
603 1235 790 1288 tamen,
828 1228 959 1292 quod
990 1228 1102 1292 jure
1133 1229 1353 1286 mireriS,
1398 1230 1677 1293 Scriptores
1718 1231 1914 1294 quidam
1955 1230 2132 1278 dome—

193 1314 330 1373 stici,
374 1313 470 1362 hoc
504 1314 585 1377 qui
620 1313 926 1362 Colomanno
966 1315 1088 1361 fines
1122 1313 1399 1378 Hungariae
1432 1314 1491 1362 ad
1530 1330 1664 1363 mare
1695 1314 1977 1378 proferendi
2009 1329 2133 1362 con-

192 1399 371 1456 silium,
404 1398 534 1447 velut
564 1414 620 1446 ex
656 1414 752 1461 quo
784 1398 1001 1461 plurium
1035 1398 1270 1462 deinceps
1303 1415 1415 1447 cum
1449 1400 1644 1448 Venetis
1676 1399 1917 1448 bellorum
1951 1413 2133 1447 neces—

195 1483 313 1532 sitas
347 1483 631 1543 manaverit,
655 1482 768 1531 vitio
802 1483 934 1543 deut,
958 1498 1119 1547 neque
1145 1499 1197 1531 se
1221 1484 1270 1531 in
1296 1484 1428 1532 hunc
1449 1484 1726 1547 Hungariae
1747 1483 2132 1532 Themistoclem

195 1568 431 1630 (Thucid.
466 1567 499 1616 1.
535 1567 624 1629 ll.)
664 1583 873 1631 peccare
914 1574 1114 1631 putent,
1166 1568 1361 1632 quando
1403 1568 1451 1616 id
1482 1569 1531 1616 iu
1565 1584 1622 1617 00
1654 1568 2042 1632 reprehendunt,
2086 1566 2133 1614 iu

196 1668 292 1716 quo
325 1652 572 1702 Ludovico
605 1653 700 1705 M„
744 1652 1005 1715 praecipua
1039 1669 1149 1701 cum
1184 1653 1500 1702 contentione
1532 1653 1837 1712 elaborasse,
1884 1652 2136 1701 communi

195 1737 414 1800 gentium
447 1738 667 1786 omnium
693 1735 880 1800 judicio
916 1752 1137 1786 summae
1171 1737 1351 1801 gloriae
1372 1738 1478 1786 suit.
1514 1737 1657 1786 Hunc
1688 1738 1836 1802 igitur
1868 1737 2135 1801 sapientiae

194 1822 397 1885 gradum
434 1822 705 1886 scriptores
738 1821 768 1870 ii
800 1828 999 1871 teneant
1030 1822 1147 1883 sibi;
1185 1822 1329 1871 nobis
1363 1822 1659 1885 singularem
1698 1830 1918 1871 nostram
1953 1822 2001 1870 in
2028 1837 2136 1870 ma—

195 1906 352 1955 ximos
385 1906 476 1955 hos
509 1906 786 1970 Hungariae
819 1906 1003 1969 RegeS,
1055 1907 1150 1956 hoc
1183 1923 1384 1971 quoque
1426 1907 1624 1955 nomine
1658 1907 1886 1971 pietatem
1927 1907 2138 1970 permit—

193 1998 316 2050 tant,
352 1991 484 2056 quod
516 1992 565 2039 in
598 2007 653 2040 ea
684 1991 885 2040 bellicae
918 2007 1123 2040 suorum
1156 1993 1345 2040 virtutis
1378 1992 1703 2056 praestantia,
1747 1993 1838 2040 hos
1871 1990 1993 2040 mari
2033 2007 2134 2039 non

195 2076 387 2135 minus,
422 2091 567 2141 quam
601 2082 729 2125 terra
761 2082 1007 2140 potenteS,
1042 2077 1390 2141 fructuumque
1418 2077 1683 2141 participes
1715 2093 1825 2126 esse
1857 2077 2133 2134 voluerunt,

196 2176 321 2225 quos
352 2177 474 2210 usus
505 2161 634 2211 illius
665 2161 724 2210 ad
760 2161 1072 2226 explicandas
1105 2161 1249 2211 simul
1274 2162 1692 2229 proferendasque
1717 2162 1808 2211 soli
1840 2161 1981 2227 patrii
2010 2177 2132 2227 opes

195 2246 422 2296 adferret.

1095 2422 1136 2497 g
1182 2426 1239 2480 0.

202 2569 390 2618 Urbes
436 2570 775 2620 maritimas
822 2569 1242 2635 singularibus
1287 2571 1552 2620 excoluit
1585 2571 1949 2635 privilegiis,
1993 2587 2140 2620 con-

639 2655 781 2705 silio
830 2670 973 2704 sane
1019 2669 1188 2719 quam
1234 2655 1708 2718 sapientissimo,

376 2817 508 2893 Qua
550 2826 748 2876 tamen
794 2813 1047 2876 maxime
1093 2811 1384 2897 probabili
1445 2825 1577 2875 arte
1623 2813 1801 2875 animi
1848 2824 1988 2876 oras
2037 2837 2140 2876 eas

204 2899 591 2961 accolentium
626 2923 814 2996 regno
846 2897 1200 2983 Hungariae
1233 2897 1601 2960 devinciendi
1633 2911 1858 2974 essent,
1893 2899 2143 2961 consilio

203 2983 462 3067 posteris
494 2984 744 3070 praeiv1t
775 2983 1239 3080 sapientissimo,
1273 2983 1507 3068 quando
1540 2984 1906 3068 Tragurinis
1931 2990 1975 3062 ¹)
2009 3007 2143 3069 per-

203 3079 439 3153 petuam
466 3068 825 3131 tributorum
855 3068 1284 3130 immunitatem
1309 3080 1542 3154 pactUS,
1567 3068 1969 3153 vectigalium,
1988 3090 2142 3153 quae

202 3175 311 3237 per
353 3165 593 3214 exteros
635 3153 1060 3239 penderentur,
1113 3152 1344 3215 duabus
1386 3152 1656 3238 partibus
1698 3153 1814 3214 sibi
1859 3152 2140 3227 servatiS,

204 3237 439 3299 tertiam
464 3237 627 3299 urbis
649 3237 885 3313 Comiti,
911 3237 1193 3300 decimam
1211 3240 1510 3322 Episcopo
1536 3237 1738 3300 cessit.
1757 3240 1802 3300 J
1806 3261 1875 3300 us
1899 3249 1959 3300 et
1983 3236 2140 3299 hunc

206 3407 421 3414 —————-.

390 3508 433 3576 ι)
466 3509 648 3558 Lucius
679 3474 711 3557 1.
747 3508 829 3556 111.
866 3525 908 3556 ο.
946 3501 1000 3555 [ι.
