2358 3874
365 199 572 254 XXXII

364 333 579 383 Zantou
637 332 746 385 alio
799 333 1015 384 nomine
1075 329 1387 382 lsouteleke
1445 331 1758 404 nominata,
1793 330 2303 384 efficacissimomm

362 420 854 474 Instrumentorum
897 418 1192 470 roboribus
1238 417 1376 489 ipsis
1415 417 1745 484 pertineret,
1792 435 1898 486 que
1937 418 2304 471 instrumenta

364 526 474 561 non
516 517 644 559 tunc
684 506 754 556 ad
785 520 1021 572 presens
1059 505 1159 555 sed
1199 504 1252 555 in
1291 504 1524 555 termino
1563 503 1810 555 ulteriori
1848 522 1950 573 per
1985 506 2167 574 ipsum
2208 508 2301 558 do-

364 596 563 648 minum
607 592 917 645 Palatinum
975 591 1115 659 ipsis
1170 592 1351 642 dando
1400 589 1661 642 exhibere
1712 592 1952 659 prompti
2009 603 2196 646 essent
2248 603 2304 645 et

362 684 571 754 parati,
616 681 772 732 Vnde
812 679 935 746 ipse
976 678 1228 731 dominus
1269 678 1548 746 palatinus
1590 678 1791 730 auditis
1829 679 2146 747 premissiS,
2195 682 2301 733 eis-

361 774 595 837 demque
636 767 886 835 partibus
926 765 1241 818 volentibus
1281 766 1902 818 connnisisset'eisdem

359 856 600 910 Johanni
639 863 694 907 et
733 853 1060 917 Valentin09
1116 854 1391 921 premissa
1442 870 1636 905 eorum
1684 854 2054 907 Instrumenta
2111 855 2158 907 si
2196 874 2302 925 que

360 947 413 998 in
451 944 602 996 facto
655 942 798 994 dicte
842 942 1222 1010 possessionis
1272 941 1544 993 haberent
1597 940 1853 994 confecta
1904 942 1958 994 in
2016 942 2304 1011 quindenis

358 1032 593 1102 predicti
631 1030 759 1082 festi
796 1030 946 1082 beati
987 1029 1214 1100 Georgy
1255 1029 1523 1099 Martyris
1575 1038 1706 1082 tunc
1745 1031 1995 1098 proxime
2035 1031 2301 1095 venturiS,

358 1123 411 1173 in
453 1119 621 1172 Curia
659 1118 838 1188 regia,
867 1126 1062 1170 contra
1089 1119 1320 1169 eundem
1347 1117 1683 1186 Magistrum
1709 1117 1997 1179 Nicolaum
2038 1118 2301 1171 exhibere

358 1208 533 1261 teneri
869 1205 1069 1274 quibus
1108 1205 1244 1257 visis
1283 1204 1553 1256 Judicium
1598 1214 1652 1257 et
1690 1205 1962 1257 iusticiam
1993 1206 2137 1258 inter
2169 1223 2299 1275 par-

358 1306 444 1348 tes
483 1295 668 1347 facere
712 1292 926 1346 valeret
973 1294 1028 1345 in
1072 1293 1362 1362 premissis
1411 1294 1652 1346 dictante
1694 1293 1846 1345 Juris
1886 1294 2159 1364 equitate,
2213 1293 2303 1347 Ad

356 1399 498 1453 quas
537 1383 753 1451 quidem
795 1381 1100 1451 quindenas
1139 1380 1264 1433 festi
1305 1382 1451 1434 beati
1484 1381 1716 1452 Georgii
1748 1381 2035 1451 Ma1·tyriS‚
2070 1382 2302 1452 predicti

355 1471 640 1524 Johannes
691 1468 835 1521 filius
873 1468 1065 1533 Pauli,
1105 1468 1437 1521 Valentinus
1487 1468 1633 1521 filius
1672 1469 1858 1522 Endre
1911 1479 1965 1527 et
2013 1469 2301 1522 Johannes

355 1560 501 1612 filius
558 1558 773 1611 Nicolai
835 1575 939 1625 per
991 1555 1299 1625 predictum
1357 1557 1694 1627 Magistrum
1757 1552 2046 1610 Nicolaum
2108 1556 2301 1628 viginti

357 1649 549 1700 diebus
589 1646 862 1698 continuis
903 1646 1199 1697 earundem
1242 1645 1643 1714 quindenarum
1685 1662 1872 1700 coram
1913 1646 2038 1714 ipso
2079 1645 2298 1697 domino

355 1735 601 1805 palatino
644 1733 925 1801 expectati
969 1732 1222 1800 predicta
1261 1731 1524 1784 litteralia
1566 1750 1759 1784 eorum
1797 1733 2168 1786 Instrumenta
2206 1749 2299 1784 ex-

352 1822 577 1876 hibituri
613 1822 666 1873 in
707 1821 954 1890 ejusdem
996 1820 1345 1888 presenciam
1385 1838 1495 1872 non
1535 1820 1819 1872 venissent
1855 1837 1961 1873 nec
1999 1820 2299 1885 misissent,

352 1929 415 1965 se
457 1911 580 1979 alys
618 1908 815 1961 litteris
870 1908 986 1960 suis
1037 1906 1403 1960 Judicialibus
1455 1908 1653 1960 exinde
1707 1906 1974 1960 confectis
2013 1908 2298 1961 medianti-

353 2003 459 2053 bus
497 1999 550 2050 in
605 1997 837 2065 Judicijs
884 1996 1195 2066 aggravari
1256 1996 1652 2064 permittendO,
1706 1995 2005 2048 Postulans
2043 1995 2298 2065 prefatus

358 2086 626 2140 Nicolaus
668 2103 736 2137 cx
777 2093 937 2153 parte
1493 2084 1597 2136 sibi
1635 2084 1891 2136 iudicium
1931 2092 1987 2135 et
2023 2084 2296 2137 iusticiam

351 2193 455 2246 per
490 2175 672 2243 ipsum
715 2173 988 2224 dominum
1029 2172 1338 2241 palatinum
1381 2171 1640 2242 elargiri,
1683 2172 1843 2224 Vnde
1899 2172 2026 2242 quia
2067 2172 2298 2241 predicti

350 2263 637 2316 Johannes
676 2260 1009 2312 Valentinus
1051 2269 1107 2312 et
1147 2247 1289 2312 alter
1327 2259 1613 2312 Johannes
1652 2277 1839 2312 coram
1882 2261 2100 2312 domino
2133 2261 2294 2312 Eme-

350 2353 467 2404 rico
509 2349 756 2419 palatino
810 2366 878 2401 ac
917 2349 1230 2402 Baronibus
1282 2349 1551 2419 regnique
1590 2347 1864 2401 nobilibus
1922 2363 2112 2400 secum
2163 2357 2294 2400 tunc

352 2441 406 2492 in
445 2437 662 2490 Judicio
705 2436 1100 2488 adherentibus
1153 2435 1374 2505 prefata
1414 2436 1679 2487 litteralia
1717 2436 2087 2488 Instrumenta
2141 2435 2291 2503 ipso-

351 2545 471 2579 rum
512 2524 833 2588 exhibituri,
892 2541 960 2576 ac
1012 2526 1080 2576 de
1121 2524 1280 2576 dictis
1320 2523 1551 2576 Judiciis
1599 2542 1799 2577 nouem
1839 2537 2151 2576 marcarum
2190 2523 2294 2576 sibi

352 2625 407 2669 et
444 2614 590 2684 parti
631 2614 867 2665 adverse
908 2611 1251 2665 satisfacturi
1291 2623 1488 2665 contra
1527 2613 1728 2664 dictum
1770 2612 2104 2683 Magistrum
2130 2611 2294 2664 Nico·

349 2704 498 2755 laum
545 2700 812 2753 euocandi
850 2698 970 2752 fore
1013 2701 1116 2753 visi
1155 2700 1422 2764 fuissent,
1461 2700 1672 2752 Idcirco
1715 2700 2022 2752 amiciciam
2053 2698 2294 2768 Capituli

350 2789 624 2859 Budensis
665 2788 902 2841 ecclesie
939 2788 1062 2856 ipse
1103 2789 1354 2841 dominus
1395 2788 1676 2857 palatinus
1713 2787 2004 2856 petiuisset
2030 2804 2289 2839 reueren-

349 2888 461 2941 ter‚
520 2887 792 2947 quatenus
843 2876 1094 2944 ipsorum
1147 2877 1422 2933 mitterent
1480 2875 1754 2928 hominem
1816 2892 1917 2949 pro
1976 2874 2289 2926 testimonio

348 2966 700 3036 fidedignum‚
740 2982 848 3033 quo
888 2974 1152 3033 presente
1190 2964 1357 3016 homo
1399 2980 1534 3015 suus
1573 2961 2125 3027 infradeclai·anduS‚
2164 2978 2288 3030 pre-

347 3053 496 3107 fatos
548 3051 855 3105 Johannem
897 3052 1252 3105 Valentinum
1295 3061 1349 3104 et
1403 3050 1637 3103 alterum
1678 3050 1987 3103 Johannem
2029 3050 2289 3118 *predicta

346 3141 607 3194 litteralia
647 3140 1015 3191 Instrumenta
1052 3140 1301 3207 ipsorum
1342 3138 1716 3202 exhibitul·OS‚
1770 3156 1837 3191 ac
1889 3140 1956 3190 de
1997 3137 2156 3190 dictis
2195 3136 2287 3188 Ju-

347 3230 500 3299 dicys
551 3245 747 3281 nouem
788 3244 1100 3279 marcarum
1146 3229 1248 3280 sibi
1302 3237 1356 3279 et
1413 3227 1556 3296 parti
1619 3228 1858 3278 aduerso
1897 3224 2288 3278 satisfacturos

346 3325 541 3368 contra
600 3316 908 3384 predictum
949 3315 1284 3386 Magistrum
1333 3315 1626 3368 Nicolaum
1676 3316 1746 3367 ad
1788 3314 2108 3373 Quindenas
2157 3312 2286 3366 festi

348 3404 661 3456 Nativitatis
699 3405 849 3456 beati
885 3403 1155 3457 Johannis
1184 3405 1437 3473 Baptiste
1480 3414 1612 3457 tunc
1653 3411 1916 3455 venturas
1954 3418 2112 3454 suam
2152 3418 2282 3453 euo-

346 3501 536 3543 carent
576 3492 627 3542 in
670 3493 1046 3558 presenciam,
1089 3493 1155 3543 Et
1198 3493 1430 3560 posthec
1469 3493 1652 3569 ipsius=
1690 3489 2044 3545 euocacionis
2082 3488 2283 3541 seriem
