2280 3918
1957 195 2037 251 25

141 338 302 401 Idem
335 333 651 399 solidorum
687 335 821 396 olim
857 333 1011 419 apud
1031 338 1297 396 Francos
1329 334 1506 396 valor.
1543 344 1585 412 ¹)
1631 333 1875 410 Quidam
1927 333 2036 418 igi-

124 435 238 498 tur
261 421 412 484 hanc
445 443 673 506 quoque
698 419 1195 494 constitutionem,
1227 442 1343 481 non
1369 442 1544 482 secus
1575 430 1750 504 atque
1774 419 1929 480 illam
1968 419 2037 482 de

139 507 488 592 aequalitate
509 512 996 583 mensurarum,2)
1020 527 1094 566 ex
1125 504 1563 588 capitularibus
1594 508 1826 590 Regum
1850 507 2035 566 Fran-

141 615 337 654 corum
382 603 632 653 sumtam
678 590 1038 662 existimant3
1103 590 1258 674 quod
1314 588 1543 675 quidem
1590 612 1704 674 ego
1748 588 1806 650 in
1848 589 2037 652 medio

143 677 422 763 relinquo.
451 684 500 756 3)
554 676 869 739 Nundinas
922 687 1230 760 praeterea
1277 674 1484 739 diebus
1542 674 1779 737 Domini
1829 675 2034 756 (etiam

139 785 275 824 num
312 765 491 824 vasar
531 784 671 847 nap,
718 760 842 824 dies
882 758 1298 836 nundinarum,
1344 759 1516 823 nobis
1545 767 1855 840 vocantur)
1888 762 2037 823 cele-

136 846 295 910 brari
329 849 539 920 vetuit3
586 846 767 914 videri
802 845 997 931 itaque
1040 857 1239 931 potest
1274 845 1385 908 hac
1427 845 1600 908 etiam
1641 858 1808 932 parte
1839 846 2037 909 Caroli

135 934 347 1018 Magni
387 933 710 996 aemulatus
747 930 1140 1009 solertiam34)
1186 930 1325 994 fecit
1357 942 1552 993 tamen
1585 931 1861 1017 amplius:
1916 945 2037 994 sta-

135 1017 214 1080 tis
264 1018 322 1080 in
377 1014 735 1081 hebdomada
779 1015 984 1079 diebus
1030 1028 1328 1078 mercatus
1370 1014 1573 1078 haberi
1628 1017 1824 1079 voluit.
1871 1020 2036 1093 Quae

38 1117 43 1121 ’
136 1102 382 1189 denique
411 1125 541 1165 mea
576 1101 873 1165 sententia
918 1113 1031 1178 est,
1077 1101 1300 1188 primus
1358 1124 1465 1188 pro
1501 1102 1854 1187 judiciorum
1902 1126 2034 1179 usu,

140 1202 363 1274 certum
407 1210 604 1250 rerum
658 1187 912 1249 omnium
964 1187 1216 1273 pretium
1254 1187 1398 1250 fixit.
1455 1188 2038 1251 Aestimationem

134 1273 336 1360 regni
387 1286 559 1336 vocat
594 1275 924 1358 Regestum
973 1271 1365 1348 Varadiense,
1406 1279 1456 1352 5)
1510 1296 1659 1359 quae
1692 1273 1750 1335 in
1789 1286 1897 1336 art.
1937 1281 2037 1337 68.

136 1365 298 1423 1298
337 1363 479 1439 §L
520 1367 575 1420 2.
622 1357 854 1421 nomine
896 1357 1428 1421 consuetudinis
1480 1358 1687 1444 regni
1727 1359 1810 1421 ab
1857 1359 2037 1422 anti-

134 1466 263 1529 quo
302 1456 757 1507 conservatae
796 1446 1043 1520 citata,
1092 1443 1450 1506 materiam
1480 1447 1568 1506 tit.
1602 1452 1737 1507 133.
1784 1447 1948 1506 Part.
1981 1453 2036 1507 1.

130 1530 300 1592 Juris
337 1553 536 1592 consu.
569 1528 892 1592 Verhoczii
919 1528 1079 1604 facit,v
1129 1541 1188 1592 et
1218 1529 1276 1590 in
1316 1528 1679 1592 aestimanda
1710 1543 1939 1616 quarta,
1971 1542 2038 1593 ut

132 1638 240 1678 nos
275 1614 581 1701 loquimur,
627 1614 873 1702 puellari
910 1614 1222 1695 (honorum
1260 1614 1558 1701 portione)
1590 1614 1878 1702 hodieque
1928 1639 2034 1703 pro

132 1723 337 1763 norma
368 1712 655 1763 servatur.

309 1994 352 2054 1)
396 1993 512 2042 Vide
544 1992 611 2042 sis
640 1993 758 2057 Leg.
794 1993 890 2042 Sal.
937 1993 1031 2042 Tit.
1074 1993 1112 2043 Ι.
1147 2000 1294 2058 caput
1327 1990 1354 2042 1
1392 1999 1440 2042 et
1471 1990 1525 2043 2.
1561 1993 1655 2043 Tit.
1689 1993 1777 2054 11.‚
1812 1993 1892 2058 qui
1923 2008 2033 2043 cum

37 2076 39 2078 ’
131 2092 239 2144 cap.
272 2079 328 2128 L.
360 2078 557 2143 incipit:
607 2094 714 2144 cap.
753 2075 804 2139 1,
842 2075 896 2140 2,
934 2074 989 2138 3,
1023 2071 1141 2128 [pet
1174 2076 1227 2128 5.

307 2196 353 2255 2)
401 2194 688 2258 Capitularis
719 2194 757 2244 Ι.
790 2210 834 2243 a.
872 2190 989 2244 789
1025 2209 1132 2258 cap.
1169 2191 1244 2243 72
1272 2157 1377 2243 ἱοθι.

303 2311 349 2370 3)
396 2309 518 2359 Cum
544 2308 645 2374 jam
676 2316 830 2359 aetate
863 2309 1023 2359 Caroli
1053 2309 1117 2359 M.
1155 2307 1288 2377 (vide
1320 2309 1389 2359 sis
1417 2319 1643 2374 excerpta
1674 2324 1730 2358 ex
1767 2309 1873 2373 lege
1896 2308 2031 2361 Lon-

133 2395 390 2459 gobardica
438 2411 544 2460 cap.
585 2396 719 2456 XV.;
779 2395 892 2445 item
932 2395 1063 2444 Libri
1101 2395 1177 2444 IV.
1218 2395 1363 2460 capit.
1403 2395 1621 2460 Ansegisi
1661 2395 1806 2459 capit.
1848 2394 2031 2454 LXXV)

132 2481 263 2530 valor
293 2479 432 2529 solidi
462 2481 522 2529 ad
557 2478 630 2529 12
664 2481 889 2530 denarios
920 2481 1150 2531 reductus
1180 2481 1342 2531 fuerit.

304 2612 352 2670 ⁴)
399 2609 553 2674 Capit.
588 2609 625 2658 Ι.
658 2625 701 2659 a.
738 2607 855 2659 809
890 2625 997 2675 cap.
1031 2610 1195 2659 XVIlI.
1230 2611 1289 2659 de
1319 2611 1564 2669 mercam,
1601 2618 1651 2659 ut
1681 2611 1729 2658 in
1761 2610 1837 2659 die
1869 2610 2030 2658 domi—

130 2695 236 2745 nica
267 2711 366 2744 non
398 2702 616 2760 agantur,
658 2695 744 2744 sed
773 2695 823 2744 in
855 2694 1045 2754 diebuS‚
1085 2694 1260 2760 quibus
1298 2695 1522 2744 homines
1552 2695 1612 2744 ad
1643 2710 1767 2759 opus
1798 2695 2028 2744 domino-

131 2795 239 2832 rum
270 2796 471 2830 suorum
503 2779 681 2830 debent
711 2780 919 2846 operari.

303 2908 353 2978 5]
398 2910 517 2975 Reg.
559 2911 726 2961 Varad.
767 2927 903 2961 num.
952 2907 1067 2961 130
1124 2911 1404 2972 „dederunt
1441 2927 1530 2976 pro
1571 2925 1713 2974 saepe
1754 2909 1854 2974 jam
1904 2909 2027 2958 dicta

130 3003 256 3045 terra
286 2995 496 3060 pretium
535 2997 858 3046 secundum
896 2996 1373 3047 aestimationem
1402 2995 1591 3061 regni,
1638 2995 1800 3059 viginti
1832 3003 1879 3044 et
1909 2995 2027 3044 duas

130 3095 317 3130 marcas
356 3081 541 3129 fertone
579 3081 800 3131 minus.‘²
847 3082 916 3131 Ex
961 3082 1031 3131 lit.
1066 3082 1429 3147 capit.·Jaurin.
1463 3098 1506 3131 a.
1546 3074 1705 3130 1224
1737 3080 1817 3141 (C.
1850 3080 1908 3129 D.
1941 3079 2025 3128 III.

129 3182 172 3215 v.
212 3163 262 3216 1.
296 3181 345 3230 p.
379 3159 524 3226 464)
563 3166 817 3231 verbisque
850 3167 1022 3217 harum
1057 3167 1349 3232 „praedium
1381 3179 1552 3226 suum,
1603 3165 1684 3215 ubi
1716 3165 2029 3214 continentur

132 3246 248 3301 300
283 3250 453 3317 jugera
482 3256 664 3322 terrae,
711 3252 771 3301 ad
803 3252 898 3302 duo
930 3258 1086 3301 aratra
1118 3252 1443 3302 sufficientia“
1485 3251 1727 3314 vulgarem
1760 3250 1902 3298 aratri
1934 3264 2029 3298 no-

129 3336 310 3387 tionem
351 3335 564 3400 colligaS.
622 3335 827 3385 Centum
868 3343 915 3386 et
955 3337 1150 3400 triginta
1189 3335 1359 3401 jugera
1405 3343 1562 3385 terrae
1605 3334 1664 3383 ad
1702 3350 1844 3384 usum
1884 3334 2027 3384 unius

0 3378 24 3417 Ἡ
129 3421 270 3471 aratri
311 3421 619 3481 sufficientia,
668 3420 846 3470 hahent
889 3421 1054 3470 literae
1094 3422 1153 3470 de
1191 3436 1235 3470 a.
1283 3417 1440 3470 1296
1482 3420 1536 3470 C.
1571 3420 1626 3469 D.
1667 3420 1747 3469 IX.
1793 3436 1841 3485 p.
1886 3417 2024 3469 720.

132 3505 198 3558 De
229 3514 385 3558 aratro
417 3505 563 3571 regali
594 3506 698 3556 vide
729 3506 931 3557 Dissert.
966 3506 1014 3556 in
1046 3506 1169 3556 Tud.
1204 3505 1362 3571 Gytijt.
1396 3522 1439 3556 a.
1481 3501 1635 3556 1833
1670 3506 1726 3554 Τ.
1763 3503 1815 3554 6.
