2280 3918
334 220 416 275 26

1212 391 1350 466 §a

489 544 644 593 Idem
695 553 917 609 partem
972 543 1357 592 Caralitaniae
1404 555 1594 604 nuper
1643 549 2074 605 recuperatam,

500 695 665 753 lnter
697 693 1107 754 Caesareanos
1137 689 1501 753 Wilhelmus
1536 699 1683 762 erat,
1716 686 1930 750 illustri
1951 686 2103 774 apud
2123 689 2232 750 Sa—

337 798 520 839 xones
556 799 777 860 genere
808 776 1098 839 Comitum
1131 774 1201 838 de
1232 774 1508 838 Weimar
1536 786 1596 836 et
1637 772 1996 836 Orlamunde
2032 784 2236 841 natum,

332 865 420 946 Ep
466 885 498 923 o
529 860 667 923 item
704 861 1023 924 Citicensis
1062 860 1423 947 EpiscoPUS,
1456 871 1514 922 et
1547 862 1684 922 Dux
1714 857 2107 921 Bohemorum
2142 857 2239 943 qui

332 946 485 1009 belo
531 946 822 1032 superiori
876 946 1155 1009 Andreae
1218 945 1523 1032 suppetias
1588 943 1755 1005 missi
1816 943 2238 1016 inclaruerant3

331 1032 424 1094 vel
458 1031 518 1092 in
546 1030 639 1093 his
664 1044 858 1095 tamen
893 1032 1127 1094 militari
1157 1028 1496 1093 fortitudine
1525 1028 1889 1092 Wilhelmus
1927 1028 2238 1115 praestitit.

331 1119 461 1192 Qua
491 1140 557 1180 re
590 1139 716 1179 eam
741 1116 892 1204 apud
916 1120 1184 1202 Geyzam
1209 1115 1391 1178 filium
1432 1115 1612 1178 Belae
1642 1127 1783 1185 natu
1813 1116 2092 1201 majorem
2111 1113 2241 1178 iniit

333 1205 617 1286 gratiam,
674 1214 739 1264 ut
780 1215 949 1289 pater
983 1225 1090 1288 per
1122 1201 1281 1264 hunc
1319 1212 1600 1265 exoratus
1633 1200 1827 1276 illum,
1873 1200 2157 1264 collocata
2186 1199 2239 1264 ei

331 1286 450 1348 lilia
489 1286 726 1372 Jojada‚
774 1310 1059 1373 generum
1092 1298 1447 1362 summeret,
1494 1293 1539 1366 ι)
1607 1285 1896 1372 simulque
1940 1290 2110 1349 omne
2161 1285 2239 1363 id,

331 1371 484 1457 quod
524 1372 833 1436 Petovium
878 1373 1052 1446 ultra,
1096 1375 1328 1436 nomine
1362 1371 1668 1435 Marchiae
1696 1370 2012 1447 inferioris,
2058 1372 2239 1457 vulgo

332 1457 506 1520 etiam
544 1456 848 1520 Marchiae
882 1459 1364 1543 Transylvanae‚
1418 1456 1772 1542 Limitisque
1819 1456 2096 1534 Avarici,
2141 1481 2239 1520 us-

332 1565 454 1628 que·
476 1542 881 1605 Leihniczium
901 1543 1058 1629 juris
1093 1556 1221 1607 erat
1256 1542 1586 1629 hungarici,
1605 1548 1656 1621 2)
1702 1541 1939 1629 sponsis
1973 1541 2068 1605 his
2104 1566 2240 1607 con-

331 1627 586 1704 cederet,
633 1651 702 1691 eo
739 1628 939 1714 utique
972 1629 1245 1705 consilio,
1291 1641 1359 1692 ut
1392 1652 1507 1692 non
1543 1626 1711 1690 modo
1751 1627 1901 1690 fines
1934 1628 2108 1715 regni
2136 1628 2239 1692 ho-

331 1735 458 1774 rum
491 1711 611 1775 dati
637 1713 902 1788 fiduciae,
947 1714 1247 1801 praesenti
1282 1738 1422 1801 ope,
1468 1711 1575 1775 sed
1613 1711 1824 1776 fiducia
1855 1712 1989 1800 ipsa
2021 1737 2239 1800 cogna-

331 1796 510 1860 tionis
540 1798 973 1862 necessitudine
1008 1811 1416 1886 praestaretur
1448 1797 1650 1862 tutior.
1698 1797 2054 1877 wilhelmo,
2102 1812 2240 1863 ante

329 1883 758 1947 matrimonium
794 1908 1131 1971 supremum
1168 1885 1441 1962 obeunte,
1486 1881 1699 1970 Jojada
1727 1882 1786 1945 in
1815 1907 2024 1948 manus
2053 1884 2240 1950 Ulrici

330 1969 560 2056 nepotis
597 1969 857 2056 ejusdem
887 1994 960 2033 ex
982 1971 1165 2034 fratre
1193 1974 1281 2034 Po
1326 1994 1436 2035 one
1462 1974 1780 2055 Uxoreque
1812 1969 1987 2056 hujus
2009 1971 2240 2034 Azzica

332 2077 528 2117 rerum
563 2078 671 2141 per
698 2055 935 2117 Istriam
979 2069 1037 2119 et
1081 1994 1437 2119 Carnioiliam
1463 2067 1702 2143 potente
1734 2055 1921 2140 geniti
1950 2056 2239 2121 convenit.

330 2141 460 2216 Quo
491 2140 728 2217 factum,
765 2153 831 2203 ut
857 2141 1026 2205 ambo
1051 2142 1312 2205 Comites
1336 2141 1397 2204 hi
1420 2139 1917 2218 WeimarienseS‚
1950 2141 2238 2207 beneficio

329 2226 521 2311 Regis
552 2226 760 2302 Belae,
810 2229 1013 2290 Duces
1043 2228 1279 2304 fierent,
1326 2227 1843 2312 scriberenxturque
1877 2226 2234 2292 Carinthiae.

329 2313 391 2373 A
436 2324 623 2375 morte
665 2311 915 2398 Jojadae
948 2313 1188 2378 Ulricus
1229 2311 1510 2400 Sophiam
1551 2315 1823 2397 Geyzae‚
1871 2336 2040 2399 quem
2083 2335 2236 2377 com-

332 2396 562 2459 modum
609 2397 1075 2475 memoravimus,
1120 2398 1316 2476 filiam,
1361 2398 1720 2484 eandemque
1746 2399 2089 2462 Colomanni
2124 2402 2237 2464 Re-

331 2481 427 2567 gis
463 2480 612 2569 apud
642 2482 996 2546 Monachum
1040 2484 1573 2570 Weingartensem
1604 2495 1662 2547 et
1690 2482 1837 2547 alios
1859 2491 1910 2565 3)
1930 2508 2236 2564 sororem,

508 2670 550 2729 ¹)
594 2669 662 2718 De
694 2669 770 2719 his
801 2669 1112 2720 Lambertum
1144 2670 1250 2720 vide
1282 2669 1806 2736 Schafnaburgensem.

288 2816 295 2825 .
506 2756 552 2810 2)
596 2754 865 2805 Vocabatur
902 2755 1045 2805 etiam
1090 2756 1230 2806 limes
1275 2756 1581 2822 pannonicus
1611 2795 1623 2817 ,
1687 2755 1902 2806 avaricus
1941 2763 1991 2805 et
2025 2756 2234 2807 Marchia

335 2838 630 2900 Vinidorum‚
679 2840 1187 2906 complectabaturque
1223 2848 1376 2891 totam
1406 2841 1668 2892 Marchiam
1701 2847 1909 2891 veterem
1942 2841 2125 2907 Styriae
2155 2842 2238 2892 in·-

334 2923 536 2973 ferioriS.
582 2924 697 2974 Vide
726 2925 946 2990 Beitrage
977 2926 1201 2990 superius
1232 2927 1314 2976 cit.
1348 2927 1465 2976 fasc.
1500 2927 1561 2976 11.
1594 2943 1643 2992 p.
1683 2920 1819 2976 154.

508 3011 553 3070 3)
599 3009 778 3059 Ibidem
811 3010 867 3060 Β.
902 3011 1138 3075 Hormayr
1163 3028 1213 3076 p.
1241 3006 1358 3061 104
1390 3019 1439 3062 et
1474 3009 1610 3071 158,
1643 3018 1692 3061 et
1719 3011 1819 3077 jam
1851 3022 1991 3062 antea
2020 3013 2140 3064 fasc.
2179 3011 2232 3064 1.

332 3110 381 3157 p.
421 3091 555 3144 191.
603 3095 734 3145 Inter
762 3096 892 3146 hunc
923 3102 972 3145 et
1002 3096 1266 3161 scriptores
1303 3098 1550 3162 hungaros
1588 3097 1819 3163 Prayum‚
1869 3093 2231 3159 Cornidesium‚

335 3178 618 3230 Katonaium
650 3180 777 3242 (vide
810 3181 876 3230 sis
915 3180 1060 3246 liujus
1091 3181 1214 3231 Hist.
1258 3181 1376 3232 Crit.
1411 3183 1468 3233 T.
1501 3183 1562 3232 ΙΙ.
1596 3200 1645 3248 p.
1685 3177 1821 3243 184,
1857 3180 1996 3245 380,
2033 3178 2151 3235 743
2185 3191 2234 3234 et

335 3268 464 3329 seq.)
504 3281 601 3315 non
640 3266 765 3315 aliud
806 3266 987 3326 differt,
1044 3283 1186 3332 quam
1228 3268 1359 3333 quod
1399 3269 1696 3334 Hormayrus
1730 3269 1968 3335 ¹Sophiam
2006 3285 2097 3335 pro
2138 3270 2234 3320 filia

335 3348 475 3399 Belae
507 3351 677 3416 Regis,
723 3352 772 3401 hi
803 3368 914 3402 vero
948 3353 1175 3414 eandem,
1224 3354 1351 3404 velut
1381 3370 1503 3420 quae
1534 3370 1639 3404 rara
1670 3362 1884 3406 veterum
1918 3355 2233 3420 Chronogra-

339 3432 543 3496 phorum
585 3438 904 3487 consensione
945 3455 1034 3503 pro
1067 3455 1235 3489 sorore
1277 3440 1562 3490 Colomanni
1601 3441 1833 3502 habetur,
1881 3440 2061 3505 pariter
2088 3447 2232 3507 atque

338 3518 465 3568 hunc
497 3535 584 3582 pro
617 3520 792 3571 Sobole
823 3523 872 3571 S.
908 3523 1113 3574 Ladislai
1144 3532 1346 3589 ponant,
1394 3541 1559 3577 errore
1584 3523 1684 3591 jam
1716 3525 2128 3577 manifestissimo.
