2358 3874
461 858 654 924 XIX.
722 857 958 925 REX
1030 855 1598 925 ANDREAS
1667 858 1750 923 11.

736 1008 794 1058 ab
826 1024 954 1058 anno
992 1006 1152 1058 1205
1182 1037 1249 1044 -
1283 1005 1462 1058 1235.

1021 1170 1065 1245 §
1112 1173 1164 1227 1.

134 1321 298 1370 Licet
343 1335 408 1370 ex
452 1319 705 1369 formula
758 1320 944 1383 magis
990 1318 1311 1379 adstricta,
1362 1333 1531 1383 quam
1576 1317 1916 1377 Emel·icu5‚
1968 1319 2064 1367 in·-

470 1402 1252 1467 augurale'nuneupaverit
1292 1400 1732 1468 juramentum:

303 1561 609 1623 Solemnia
648 1558 1051 1623 coronationis
1090 1559 1374 1622 Andreae
1406 1562 1493 1620 11.
1530 1559 1645 1621 vhoe
1682 1557 2064 1620 memorabile

133 1643 440 1721 exhibent,
473 1644 628 1729 quod
658 1645 856 1730 paullo
886 1645 1050 1730 plus,
1085 1665 1260 1728 quam
1290 1644 1603 1705 Emericus
1636 1664 1744 1726 pro
1780 1642 1930 1718 filio,
1962 1665 2064 1703 vo-

131 1751 272 1791 vere
325 1751 578 1812 namque
619 1728 903 1790 Andreas
955 1727 1204 1812 insuper
1251 1727 1478 1789 debuit:
1533 1750 1610 1789 se
1653 1729 1817 1810 jura
1857 1725 2065 1812 regni

134 1813 241 1874 sui
287 1825 354 1875 et
386 1835 685 1875 coronae
718 1811 1053 1874 honorem
1081 1811 1359 1874 illibate
1393 1822 1976 1872 conservaturum
1999 1816 2064 1886 1).

135 1896 306 1973 Quod
337 1895 525 1981 igitur
555 1894 708 1982 apud
740 1897 1076 1958 Germanos
1108 1918 1183 1957 ex
1212 1894 1409 1979 aliquo
1439 1907 1707 1979 tempore
1739 1916 1855 1954 usu
1884 1892 2065 1968 venit,

133 1993 199 2043 ut
228 1985 631 2065 Imperatores
661 1981 721 2040 in
755 1978 1204 2041 consecratione
1235 2002 1347 2040 sua
1378 2001 1445 2040 se
1475 1978 1632 2039 bona
1658 1976 1898 2063 Imperii
1929 1999 2066 2039 con-

134 2088 394 2140 servare,
428 2077 487 2126 et
515 2087 622 2149 per
653 2085 1062 2148 quemcunque
1092 2063 1332 2125 detenta
1359 2085 1715 2148 recuperare
1751 2060 1903 2122 velle
1925 2063 2065 2145 jure

124 2148 380 2234 jurando
417 2148 833 2235 promitterent
866 2153 948 2226 2);
980 2146 1040 2208 id
1076 2146 1713 2232 Areh'iepiscoporum,
1739 2145 2064 2231 Episcopo-

134 2255 411 2318 rumque‚
455 2231 659 2308 eredo,
703 2230 956 2293 maxime
1009 2230 1321 2316 diligentia
1362 2230 1422 2292 in
1461 2229 1780 2315 Hungaria
1831 2251 2064 2314 quoque

134 2329 435 2402 receptum
479 2315 834 2378 inveteravit
859 2321 927 2394 3).

316 2553 363 2621 1)
394 2555 464 2604 lta
492 2555 660 2604 literae
690 2556 896 2605 Honorii
936 2557 1020 2606 111.
1053 2557 1146 2606 PP.
1182 2558 1238 2607 C.
1273 2558 1332 2607 D.
1366 2558 1450 2607 111.
1489 2573 1541 2622 p.
1577 2551 1718 2606 294.
1780 2556 1887 2605 Hoc
1916 2556 2066 2619 igitur

136 2646 351 2699 certu1n3
386 2638 534 2688 simul
562 2654 678 2688 vero
703 2639 898 2704 jurasse
917 2641 1186 2690 Andream:
1221 2642 1464 2691 Collectas
1496 2657 1586 2690 suo
1612 2656 1665 2690 se
1684 2639 1883 2689 arbitrio
1903 2640 2065 2688 sactu-

135 2738 246 2772 rum
264 2737 375 2772 -non
408 2738 518 2772 esse
551 2739 609 2772 ex
637 2723 730 2772 litt.
767 2723 912 2788 Greg.
946 2724 1039 2773 ΡΡ.
1075 2724 1135 2774 de
1167 2739 1212 2774 a.
1251 2722 1432 2775 1235.
1466 2724 1574 2774 Kat.
1607 2724 1670 2773 H.
1705 2724 1761 2773 C.
1783 2725 1837 2773 V.
1859 2739 1910 2787 p.
1941 2719 2061 2773 737

136 2806 398 2856 admodum
429 2806 683 2870 probabile
715 2814 808 2857 est.
1835 2824 1838 2826 ’

311 2892 359 2950 2)
392 2890 578 2940 Chron.
611 2891 790 2941 Montis
822 2891 993 2941 Sereni
1017 2892 1078 2941 ad
1103 2907 1148 2942 a.
1176 2890 1336 2943 1222
1371 2930 1406 2953 ‚‚
1425 2891 1543 2942 Otto
1562 2891 1688 2956 Imp.
1715 2906 1826 2940 cum
1851 2890 1902 2940 in
1927 2890 2065 2940 Con-

138 2973 410 3022 secratione
442 2989 528 3024 sua
553 2974 771 3039 jurasset
808 2990 861 3025 se
898 2975 1027 3028 bona
1066 2975 1193 3041 Imp.
1228 2991 1519 3026 conservare
1558 2982 1608 3026 et
1644 2991 1671 3024 a
1711 2975 1928 3039 quolibet
1972 2975 2064 3023 de·-

137 3063 268 3106 tenta
299 3062 522 3120 repetere
551 3059 738 3108 velle“.
965 3069 967 3071 ’

315 3138 366 3206 3)
397 3139 580 3189 Elisab.
614 3142 736 3205 Reg.
769 3157 815 3191 a.
855 3140 1014 3194 1272
1050 3144 1223 3205 „Cum
1255 3145 1332 3193 die
1363 3144 1687 3209 appositionis
1719 3144 1943 3192 Coronae
1976 3157 2063 3190 ea-

138 3223 224 3287 piti
255 3229 425 3272 nostro
458 3224 775 3287 promisimus
799 3225 1098 3289 juramento,
1147 3228 1279 3291 quod
1302 3215 1415 3292 jura
1445 3227 1684 3276 nobilium
1713 3241 1804 3290 per
1833 3231 2063 3274 anteces—

140 3322 277 3355 sores
308 3312 507 3355 nostros
537 3306 752 3357 indebite
783 3308 990 3358 alienata
1021 3317 1070 3358 et
1098 3307 1281 3373 injuste
1313 3317 1552 3374 occupata
1581 3309 1720 3358 reddi
1750 3309 1984 3357 faciemus
2017 3314 2063 3356 et

140 3389 390 3439 restitui“.
439 3416 498 3426 —-
538 3389 718 3440 Ladisl.
751 3391 828 3439 IV.
862 3407 907 3441 a.
947 3390 1105 3442 1279
1142 3392 1352 3452 „Primo
1385 3392 1581 3457 quidem
1607 3391 1896 3456 juravimuS‚
1931 3392 2062 3456 quod

141 3473 285 3523 fidem
317 3473 618 3524 Catholicam
655 3480 705 3525 et
733 3473 1006 3525 libertatem
1047 3474 1400 3526 eclesiasticam
1433 3491 1739 3526 servaremus
1777 3491 1834 3526 ao
1864 3482 2065 3527 tenere-
