2358 3874
272 215 393 271 182

271 368 392 417 tem
434 353 708 414 certatim
740 350 1181 413 confluentibus
1221 349 1493 413 Ladislai
1534 360 1738 437 pugna
1771 359 1839 433 ¹),
1882 375 2056 439 quam
2091 356 2218 418 Ke-

274 436 443 500 zaius
493 434 883 499 Stillfridensi
938 447 1269 519 comparat,
1313 457 1458 520 prae
1512 433 1652 512 hac,
1719 449 1886 500 tanto
1934 436 2220 501 reddatur

171 576 176 585 s
274 519 667 609 splendidior,
711 519 867 602 quod
897 518 979 580 ibi
1008 517 1243 581 hostem
1275 531 1652 596 veteranum,
1691 520 1787 583 hic
1818 534 2062 606 gentem
2103 523 2219 585 sibi

277 619 533 692 gratam,
564 603 926 695 reipublicae
971 626 1153 664 causa
1180 602 1418 679 fuderit,
1450 626 1701 688 eumque
1726 605 2011 669 victoriae
2033 607 2219 695 impo-

274 690 465 752 suerit
508 687 778 764 modum,
822 700 888 750 ut
935 689 1218 773 populum
1258 688 1479 751 virtute
1509 689 1751 751 militari
1789 704 2217 775 praestantem,

273 798 309 836 a
333 773 570 836 sentina
599 772 1003 859 improborum
1033 785 1446 859 repurgatum,
1480 773 1729 836 sedibus
1761 774 1910 852 suis,
1943 798 2092 860 quas
2116 776 2220 838 lio-

271 856 485 943 dieque
517 857 818 932 obtinent,
867 857 1251 933 restitueret,
1299 857 1720 944 praesentique
1764 859 2042 924 fortunae
2073 883 2221 924 suae

270 943 594 1028 roborique
624 940 882 1005 nominis
911 940 1230 1027 hungarici
1262 955 1666 1006 conservaret.

454 1213 498 1271 1)
533 1211 673 1259 Anno
705 1195 886 1268 1282,
927 1224 1027 1273 quo
1052 1209 1278 1273 Diploma
1318 1210 1379 1259 ad
1415 1211 1699 1261 Hernadum
1739 1212 1790 1262 in
1826 1212 2041 1283 favorem
2071 1211 2222 1262 Ecle-

275 1296 376 1346 siae
409 1292 840 1357 Transylvaniensi
877 1292 1028 1342 dedit.
1078 1293 1150 1342 De
1194 1294 1306 1343 loco
1348 1295 1511 1359 itaque
1555 1310 1753 1360 pugnae
1796 1295 1927 1346 idem
1972 1312 2086 1346 cum
2122 1296 2225 1346 Ka-

271 1379 441 1434 tonaio
480 1385 528 1428 et
555 1378 786 1430 Fesslero
824 1377 1003 1426 sentio.
1052 1377 1216 1426 Locus
1251 1378 1504 1428 literarum
1533 1380 1745 1429 Ladislai
1782 1395 1828 1430 a.
1873 1377 2035 1430 1288
2067 1397 2220 1442 „cum

271 1465 322 1513 in
367 1463 516 1512 Houd
568 1462 758 1527 perfida
815 1475 937 1526 gens
986 1461 1323 1513 Cumanorum
1382 1479 1507 1514 ausu
1556 1464 1824 1515 ‘temerario
1877 1469 2219 1514 convenerat“

272 1547 582 1614 praesertim,
623 1547 664 1595 si
701 1546 762 1595 ad
798 1561 931 1606 eam,
972 1561 1098 1610 quae
1131 1547 1370 1612 sequitur,
1411 1547 1747 1597 Cumanorum
1784 1548 2126 1612 hungarorum
2160 1549 2222 1598 ad

272 1633 480 1682 Tataros
516 1631 844 1696 profugorum
883 1629 1254 1679 distinctionem
1292 1632 1545 1693 advertaS‚
1593 1633 1654 1681 ad
1690 1633 1976 1682 mutandam
2015 1639 2223 1682 senten-

271 1717 389 1766 tiam
434 1715 549 1764 sacit
583 1714 731 1774 nihil,
782 1714 914 1763 velut
958 1714 1038 1762 cui
1079 1713 1307 1779 Diploma
1344 1715 1517 1777 etiam,
1573 1717 1708 1780 quod
1748 1716 2008 1767 Ladislaus
2044 1717 2221 1767 Siculis

271 1798 713 1864 Aranyosiensibus
754 1797 1036 1864 impertitus
1073 1804 1166 1856 est,
1210 1798 1344 1851 haud
1380 1800 1699 1852 mediocriter
1734 1801 2028 1866 sufragatur.

1149 1993 1192 2067 g
1239 1995 1338 2051 11.

984 2158 1052 2191 ac
1104 2143 1507 2208 magnivolum

443 2299 679 2386 Opibus
703 2299 915 2385 Regiis
946 2299 1031 2363 ita
1061 2324 1230 2379 usuS,
1263 2315 1330 2365 ut
1352 2303 1525 2388 pauci
1548 2304 1783 2388 Regum
1815 2306 2040 2389 majore
2069 2318 2215 2369 natu

270 2384 627 2471 prudentius
649 2390 717 2464 ¹),
738 2384 1142 2448 munificentia
1169 2385 1228 2447 in
1249 2387 1456 2450 literas
1479 2387 1784 2474 plerisque
1807 2387 2019 2452 horum
2042 2389 2220 2452 etiam

273 2468 634 2531 antecelluit.
680 2471 829 2531 Erat
859 2469 1083 2532 Schola
1127 2470 1281 2556 apud
1312 2471 2219 2560 EclesiamVeszpremiensem‚

272 2576 425 2639 quae
473 2574 509 2614 a
550 2565 820 2639 tempore
861 2554 1075 2634 (verba
1096 2560 1147 2633 2)
1203 2556 1394 2641 Regis
1443 2563 1614 2636 sunt)
1660 2581 1775 2643 quo
1816 2559 1877 2620 in
1901 2558 2221 2644 Hungaria

272 2636 567 2701 catholica
595 2637 930 2701 liberalium
961 2640 1178 2701 artium
1209 2640 1426 2718 studia,
1457 2665 1565 2727 per
1596 2665 1748 2727 quae
1779 2642 2057 2706 mandata
2097 2666 2219 2706 ma-

269 2722 428 2785 xime
448 2722 648 2785 divina
667 2721 1134 2800 declarerentur,
1165 2739 1343 2811 prout
1363 2726 1619 2788 Parisiis
1640 2726 1698 2788 in
1723 2727 1983 2789 Francia
2000 2728 2219 2790 florue-

269 2819 431 2883 runt,
477 2806 783 2869 doctrinae
827 2808 1163 2871 docentium
1207 2810 1711 2896 praeeminentia,
1758 2823 1818 2873 et
1862 2810 2217 2874 discentium

271 2890 606 2986 frequentia
664 2894 1054 2955 corruscavit.
1141 2897 1212 2955 In
1260 2894 1402 2970 hac,
1465 2895 1668 2980 pergit
1731 2894 1817 2970 is,
1889 2895 2087 2957 cultus
2120 2898 2218 2981 ju·

272 2974 474 3037 stitiae
518 2974 598 3037 ad
645 2977 821 3060 regni
854 2979 995 3061 jura
1043 2978 1453 3041 conservanda
1495 2978 1752 3041 obtinuit
1801 2979 2217 3066 principatum.

269 3061 675 3146 Quapropter,
694 3073 768 3122 ut
799 3059 1033 3123 divinae
1065 3084 1297 3146 quoque
1328 3061 1521 3124 laudis
1553 3085 1802 3148 organa,
1837 3086 1988 3150 quae
2017 3065 2218 3145 (Ecle-

269 3143 360 3206 sia
389 3143 503 3208 hac
534 3156 594 3209 et
617 3144 876 3229 collegio
907 3144 1284 3211 sacerdotum
1315 3169 1424 3236 per
1444 3147 1704 3211 rebelles
1733 3147 1918 3213 rebus
1941 3148 2216 3213 omnibus

376 3471 383 3477 θ
455 3416 496 3475 ¹)
528 3414 780 3480 Privilegia
811 3416 919 3481 ejus
952 3432 1008 3466 ex
1041 3417 1114 3467 tit.
1155 3412 1251 3468 14.
1286 3418 1452 3467 Il-dae
1478 3418 1605 3483 juris
1637 3425 1863 3469 consuet.
1897 3419 2073 3468 valent.

356 3537 361 3543 .
449 3500 496 3555 2)
527 3498 643 3548 Vide
674 3500 840 3549 literas
873 3500 979 3565 ejus
1012 3501 1071 3550 de
1103 3516 1146 3551 a.
1189 3499 1349 3552 1276
1384 3502 1460 3564 (V.
1498 3520 1538 3551 v.
1578 3501 1632 3551 2.
1668 3519 1717 3567 p.
1757 3498 1921 3563 347).
