2358 3874
276 220 399 275 166

275 368 439 419 seiner
469 368 660 427 Some,
701 365 919 429 Stephan
950 364 1051 415 und
1083 363 1224 422 Bela‚
1265 361 1343 412 die
1375 363 1585 427 gekront
1618 365 1678 414 da
1711 379 1909 424 sassen,
1943 366 2109 414 semer
2138 365 2226 415 der

274 451 433 516 Konig
462 452 551 501 der
579 450 829 508 Reussen‚
866 448 954 496 der
982 447 1146 511 Konig
1183 460 1278 496 von
1308 446 1595 509 Massovim,
1641 448 1822 498 dessen
1851 449 2096 499 Hausfrau
2124 464 2226 516 war

274 536 434 601 Konig
463 534 775 593 Belas'Kind‚
810 532 914 582 und
946 531 1034 581 der
1063 531 1224 595 Konig
1251 545 1347 580 von
1380 530 1602 596 Serwey3
1636 531 1771 582 diese
1795 534 1898 584 drei
1929 534 2225 599 empfangen

274 621 380 671 ihre
420 620 585 670 Krone
633 634 744 668 vom
777 617 937 666 Herm
985 631 1080 665 von
1122 616 1341 680 Ungarn.
1395 615 1539 676 Quod
1591 615 1790 680 quidem
1829 617 1909 667 ille
1947 618 2225 668 rectissime

273 706 538 767 hactenus3
581 719 706 771 quae
738 702 868 751 enim
902 695 1179 765 sequuntur
1215 700 1541 762 „ausserdem
1586 700 1787 750 dienten
1825 702 1928 752 ihm
1965 703 2099 753 noch
2145 700 2222 752 50

281 789 524 853 machtige
565 788 813 851 Herzoge‚
865 785 943 834 die
981 785 1087 834 ihre
1127 785 1292 834 Krone
1330 800 1426 834 von
1466 785 1570 834 ihm
1620 784 1818 847 hatten,
1873 786 1961 837 das
1998 802 2101 837 war
2135 787 2228 837 der

274 873 465 938 Herzog
493 857 602 922 von*
619 871 809 936 Agrim‚
851 870 952 919 und
984 870 1073 924 der
1102 869 1269 920 reiehe
1301 869 1495 934 Herzog
1523 870 1649 920 uber
1677 870 1846 930 wald,
1879 871 1982 921 und
2013 871 2102 921 der
2128 887 2224 921 von

273 956 536 1019 Krabaten,
578 957 666 1006 der
696 955 824 1005 Herr
854 970 948 1004 von
986 955 1179 1005 Bossen
1217 955 1320 1004 und
1357 955 1576 1004 funstens
1625 955 1714 1004 der
1749 953 1910 1020 Konig
1954 955 2058 1013 und
2095 955 2227 1006 Her-

273 1056 364 1106 zog
394 1041 483 1092 der
499 1041 738 1092 Turken“
771 1039 954 1089 librarii
985 1040 1224 1090 mendum
1255 1039 1305 1088 in
1335 1055 1456 1089 voce
1487 1039 1688 1089 Turken
1719 1039 1961 1104 pandunt,
1986 1055 2088 1090 non
2120 1040 2227 1091 dis-

275 1125 433 1179 simile
461 1126 618 1179 errori
649 1124 1073 1185 commentatoris,
1109 1124 1190 1189 qui
1221 1115 1354 1173 Uber
1370 1124 1511 1175 Wald
1531 1124 1980 1191 (Transylvaniam)
2008 1125 2224 1176 Jenseits

281 1213 367 1262 des
393 1212 591 1262 Wiener
625 1210 821 1259 Waldes
858 1209 1207 1272 interpretatus
1244 1215 1337 1259 est.

1148 1403 1191 1478 g
1236 1407 1336 1462 3⁰.

273 1559 466 1616 Domi,
515 1571 586 1605 ne
631 1570 697 1604 ex
743 1545 1150 1605 diuturnitate
1182 1553 1571 1619 Magistratus
1616 1554 1872 1604 Palatini
1905 1554 2218 1619 quidpiam

410 1639 761 1694 detrimenti
801 1639 936 1703 jura
982 1638 1164 1702 Regia
1210 1638 1453 1703 capiant
1498 1638 1747 1688 solicite
1794 1638 2080 1688 intendit.

441 1797 823 1862 Auctoritate
856 1795 1110 1858 Comitis
1154 1795 1414 1859 Palatini
1449 1796 1587 1882 lege
1619 1795 1908 1860 Andreae
1932 1800 2013 1858 11.
2060 1797 2221 1859 ultra

272 1883 625 1970 descriptos·
656 1905 691 1943 a
744 1881 896 1944 divis
942 1880 1218 1966 Regibus
1270 1882 1424 1944 fines
1476 1882 1742 1968 prolata,
1792 1882 1943 1944 Bela
1982 1884 2094 1945 lv.
2144 1905 2220 1945 ne

275 1968 428 2056 quod
498 1967 635 2030 inde
655 1966 834 2052 Regii
855 1969 1151 2051 Majestas
1182 1966 1567 2052 Principatus
1618 1967 1958 2031 detrimenti
2024 1966 2221 2053 capiat

270 2054 468 2141 magis
493 2052 691 2129 etiam,
717 2074 894 2138 quam
918 2053 1188 2136 Majores
1214 2055 1310 2113 sui
1335 2051 1652 2129 sollieitu8‚
1682 2075 1792 2139 per
1812 2065 2071 2139 tempus,
2104 2074 2220 2137 quo

271 2141 330 2203 in
366 2139 717 2202 universum
748 2139 883 2200 Rex
916 2134 1059 2212 fuit,
1100 2148 1234 2198 octo
1271 2159 1455 2223 supra
1494 2136 1729 2213 decem,
1783 2137 1939 2222 quod
1983 2136 2220 2222 quidem

271 2225 346 2288 ad
375 2223 494 2288 hue
528 2234 893 2309 compertum
923 2233 1018 2284 est
1043 2230 1110 2299 ¹),
1147 2221 1461 2284 Palatinos
1499 2220 1738 2296 hahuit3
1782 2244 1899 2285 non
1943 2222 2080 2285 illos
2115 2245 2220 2284 no-

271 2333 380 2373 vos
420 2331 647 2383 omnes»,
681 2306 789 2370 sed
817 2329 1067 2392 quorum
1099 2305 1331 2392 aliquos
1356 2307 1562 2384 semel,
1595 2307 1747 2371 alios
1774 2306 2012 2383 iterum,
2041 2329 2219 2393 quos·

271 2395 425 2471 dam,
457 2417 565 2481 pro
594 2392 829 2458 ratione
861 2391 1110 2454 fiduciae
1143 2414 1308 2468 suae,
1343 2391 1584 2456 tertium
1624 2391 1853 2455 muneri
1881 2389 2022 2455 huic
2047 2415 2219 2479 prae-

267 2479 426 2544 feeit.

455 2755 495 2812 ¹)
527 2751 600 2806 Ex
633 2751 759 2804 serie
791 2750 1121 2802 palatinorum
1143 2750 1281 2815 Prayi
1314 2758 1362 2800 et
1392 2751 1727 2815 Manuseripto
1759 2757 1967 2816 paterno
2001 2750 2059 2799 D.
2087 2751 2211 2813 Aug.

273 2837 437 2901 Szalay
468 2836 586 2886 alias
617 2836 831 2895 laudam,
867 2845 916 2884 et
946 2835 1179 2884 Mantissa
1212 2851 1324 2886 mox
1359 2835 1711 2904 subnectenda.

1143 3113 1183 3187 g
1230 3117 1328 3170 31.

270 3266 343 3314 Ad
391 3274 716 3315 extremuni
764 3263 922 3313 bello
965 3280 1095 3313 eum
1144 3264 1274 3313 filio
1309 3263 1614 3330 Stephano
1662 3264 2060 3315 conflictatus
2103 3273 2211 3313 est.

442 3426 591 3485 Cum
643 3424 738 3485 ille
789 3423 876 3484 sie
915 3436 1106 3486 totuin
1151 3446 1220 3486 se
1270 3424 1536 3486 muneris
1585 3424 1677 3486 sui
1726 3422 1902 3508 Regii
1942 3420 2215 3508 partibus

272 3506 654 3591 impenderet,
685 3509 865 3591 longe
892 3507 1318 3592 gravissimum
1351 3532 1386 3570 a
1424 3508 1596 3594 regio
1626 3520 1898 3572 exortum
1931 3518 2026 3569 est
2052 3508 2214 3569 Lare
