2358 3874
1949 216 2072 271 lea

141 354 338 431 situm,
371 353 900 438 Archiepiscopnm
934 353 1352 428 Colocensem,
1399 373 1535 415 mox
1566 355 1800 413 Banum
1829 352 2070 413 Dalma-

139 438 256 500 tiae
289 451 347 500 et
378 437 653 500 Croatiae
685 437 1094 510 renunciaret3
1136 436 1273 498 licet
1306 458 1493 520 neque
1536 436 1595 498 id
1661 435 1876 498 aetatis
1921 447 2070 510 erat,

142 544 329 604 neque
359 523 442 583 ita
474 544 509 582 a
538 520 728 583 literis
760 520 1138 595 informatus,
1171 532 1237 581 ut
1268 543 1376 581 seu
1419 518 1557 581 huic
1587 543 1695 581 seu
1725 518 1808 580 illi
1839 518 2070 580 muneri

140 627 421 688 praeesse
466 628 597 666 cum
641 603 933 688 dignitate
983 616 1208 699 posset.
1254 607 1387 665 Hoc
1419 602 1689 687 Reginae
1737 602 2069 678 arbitrium,

138 687 490 773 nimiamque
521 689 712 772 Regis
757 686 949 749 uxorii
992 710 1051 747 ln
1095 685 1544 772 prosequendo,
1598 686 1754 771 quod
1794 698 2069 772 prompta

137 795 326 858 nuper
364 785 424 835 et
465 773 827 834 Polonorum
875 783 935 832 et
985 774 1322 833 Russorum
1370 771 1764 833 consensione
1795 771 2068 833 adfirma-

140 867 260 916 tum
294 869 407 932 est‚
433 858 705 918 Coronae
728 853 1081 939 Hungariae
1115 853 1183 914 in
1215 854 1589 915 Galliciam
1623 867 1690 917 et
1719 854 2066 918 Lodome-

137 939 310 1000 riam
330 942 472 1023 jure
504 952 563 1002 et
591 937 898 1000 immodico
926 937 1196 1021 Reginae
1228 936 1286 998 in
1319 937 1711 1022 alienigenas,
1743 939 1962 1014 studio,
1994 938 2068 1000 ad

136 1022 456 1107 aequitatis
500 1023 790 1086 rationem
836 1020 1196 1097 revocando,
1242 1021 1576 1105 ignaviam,
1609 1045 1786 1106 quum
1832 1022 2068 1106 plurimi

137 1107 469 1191 aegerrime
512 1106 771 1179 ferrent3
819 1105 892 1167 ad
931 1105 1079 1168 haec
1111 1129 1252 1168 vero
1295 1118 1354 1168 et
1384 1105 1635 1167 maritus
1679 1117 1740 1168 et
1769 1129 1951 1182 uxor,
1997 1129 2068 1166 ac

135 1191 233 1252 ille
266 1190 497 1275 quidem
530 1190 683 1276 quod
715 1190 787 1253 de
817 1189 981 1251 Fisci
1013 1189 1344 1273 exiguitate
1375 1201 1653 1274 questuS,
1693 1190 1916 1251 nullum
1949 1190 2065 1258 col,-

135 1275 422 1336 lectarum
453 1276 628 1336 finem
671 1275 928 1350 faceret,
982 1273 1134 1335 hanc
1179 1297 1322 1336 vero
1362 1273 1726 1336 corradendo
1757 1273 2067 1336 intendere

135 1357 419 1420 thesauro
445 1358 753 1442 cognitum
785 1370 969 1433 esset,
1000 1357 1363 1442 gravissima
1392 1358 1593 1443 populi
1620 1359 1952 1442 flagrarent
1979 1358 2066 1418 in-

139 1441 318 1517 vidia,
352 1443 499 1503 clam
532 1442 603 1504 de
635 1441 951 1504 evocandis
995 1442 1070 1503 ad
1111 1464 1365 1525 regnum
1398 1444 1646 1525 Geyzae
1677 1441 1817 1503 filiis
1849 1455 2066 1522 actum,

119 1525 452 1610 'nunciique
483 1527 556 1588 ad
587 1548 691 1588 eos
724 1525 982 1612 expediti
1014 1537 1172 1586 sunt.
1218 1524 1377 1586 Huic
1409 1529 1698 1610 conjuges
1728 1526 1936 1610 regios
1967 1548 2067 1610 pe-

135 1609 321 1671 riculo
384 1611 541 1672 bona
571 1633 776 1672 eorum
836 1610 1075 1671 fortuna
1136 1608 1354 1671 exemit
1390 1617 1458 1688 2).
1534 1614 1665 1670 Hac
1726 1622 1923 1671 tamen
1983 1610 2067 1672 ita

137 1692 344 1755 deinde
378 1694 470 1755 usi
501 1706 660 1770 sunt,
686 1706 752 1755 ut
782 1694 994 1777 regina
1025 1716 1197 1754 suum
1229 1694 1392 1754 illum
1417 1694 1660 1756 fratrem
1686 1693 1865 1758 altius
1891 1693 2064 1756 etiam

134 1777 411 1862 provehi,
473 1776 923 1862 Vajvodamque
975 1777 1458 1860 Transylvaniae
1511 1790 1571 1840 et
1628 1777 2064 1862 provinciarum

135 1861 482 1924 Bacsiensis
524 1873 584 1924 et
612 1860 1091 1944 Bodroghiensis
1123 1860 1415 1924 Comitem
1458 1860 1746 1923 declarari
1784 1885 2065 1947 procura-

137 1958 256 2021 ret,
297 1949 427 2008 Rex
457 1969 626 2021 vem,
666 1958 732 2008 ut
770 1945 1003 2029 aliquod
1034 1944 1271 2007 tandem
1312 1945 1431 2007 otio
1462 1945 1843 2030 interponere
1879 1951 2065 2029 nego-

138 2029 281 2091 tium
314 2029 632 2105 videretur,
664 2030 724 2091 in
756 2029 1067 2092 Galliciam
1098 2026 1491 2091 seditionibus
1523 2029 1932 2114 perturbatam
1964 2030 2067 2092 du-

137 2126 314 2176 ceret.
344 2117 433 2176 Eo
465 2114 714 2176 absente
737 2114 990 2198 Regina,
1024 2112 1178 2197 quod
1208 2113 1380 2175 saatri
1412 2137 1542 2190 suo,
1567 2113 1857 2188 Ekberto‚
1881 2126 1945 2175 ut
1968 2137 2065 2176 ve-

136 2210 235 2260 tus
275 2198 432 2284 apud
460 2201 863 2281 Hormayrum
901 2196 1240 2259 Chronicon
1290 2196 1503 2273 habet,
1550 2221 1795 2265 uxorem
1829 2201 2067 2259 Bencze

136 2282 286 2343 Bani
318 2294 492 2344 antea
513 2284 637 2366 jam
668 2281 947 2356 Palatini,
979 2293 1349 2363 procaretur‚
1374 2285 1485 2343 lV.
1508 2281 1762 2344 Kalend.
1784 2281 2067 2345 Octobris

140 2373 303 2427 1213
336 2366 396 2426 in
429 2365 748 2451 campestri
778 2365 1037 2428 tentorio
1067 2364 1383 2427 interemta
1415 2377 1509 2427 est
1538 2373 1606 2444 3).

314 2549 360 2603 2)
393 2546 610 2595 Nuncios
650 2562 762 2595 cum
803 2547 904 2611 jam
948 2548 1198 2612 Spalatum
1238 2548 1578 2611 pervenissent
1615 2549 1759 2599 Dom.
1795 2549 1975 2597 Comes
2007 2548 2067 2597 de

139 2631 381 2693 Scebcnig
412 2630 541 2694 cepit
565 2631 690 2679 etad
710 2630 890 2693 Regem
914 2646 1025 2680 cum
1052 2631 1198 2680 cartis
1222 2632 1420 2680 adduxit
1441 2631 1496 2680 C.
1518 2631 1578 2679 D.
1601 2632 1684 2680 ΙΙΙ.
1710 2649 1751 2680 v.
1780 2630 1832 2680 1.
1854 2647 1903 2695 p.
1926 2629 2062 2680 101.

315 2716 360 2773 3)
393 2714 566 2762 Archiv
595 2714 673 2761 sur
703 2713 1010 2777 Geographie
1042 2721 1137 2763 etc.
1171 2729 1216 2763 a.
1251 2711 1405 2763 1821
1443 2729 1493 2777 p.
1532 2709 1674 2763 457.
1697 2743 1764 2750 —-
1791 2715 2066 2778 Dlugossus

136 2799 169 2846 l.
205 2798 278 2846 vl.
315 2797 441 2846 diem
475 2797 667 2856 retinet,
704 2798 790 2846 sed
822 2804 953 2847 errat
983 2798 1032 2846 in
1064 2812 1212 2857 anno,
1247 2813 1393 2861 quem
1433 2794 1591 2846 1212
1624 2797 1780 2861 ponit.
1833 2823 1835 2825 ·

1022 2975 1064 3049 §
1108 2978 1165 3033 4.

411 3124 512 3173 sed
558 3124 693 3189 quia
736 3125 1172 3189 prodigalitate
1217 3125 1576 3190 ignaviaque
1623 3125 1777 3189 ejuS‚

311 3283 616 3343 Reversus
646 3283 707 3340 in
737 3280 1111 3364 Hungariam
1142 3283 1273 3343 Rex
1302 3280 1360 3340 in
1394 3281 1626 3364 aliquos
1659 3277 1927 3364 paricidii
1959 3277 2064 3340 hu-

131 3366 232 3447 jus
265 3387 400 3427 reos
433 3363 873 3436 animadvertit3
906 3362 1054 3425 alios
1080 3362 1152 3424 ad
1179 3362 1336 3424 aliud
1359 3375 1594 3448 tempus
1619 3362 1907 3447 seposuit,
1937 3362 2065 3447 plu-

142 3447 417 3509 rimorum
460 3470 669 3530 ausum
701 3460 820 3509 tam
852 3445 1169 3522 nefarium,
1211 3468 1386 3530 quum
1422 3445 1625 3507 ulcisci
1669 3469 1785 3508 non
1815 3446 2064 3521 valeret,
