2358 3874
0 3553 2 3574 Ι

1856 251 2015 303 XXX
2022 252 2086 302 ΙΙΙ

151 409 274 442 cum
317 388 622 442 nominibus
663 394 1040 448 euocatorum,
1080 393 1139 435 ut
1177 383 1331 434 fieret
1373 381 1708 434 conueniens
1748 386 1818 435 ad
1859 386 2083 436 easdem

152 478 455 546 quindenas
505 474 607 526 sibi
667 472 1031 526 amicabiliter
1082 471 1414 523 rescriberet
1462 469 1776 538 Capitulum
1831 471 2087 524 Budense

151 570 546 632 prenotatam,
584 560 829 613 Tandem
880 560 1018 628 ipsis
1077 559 1364 628 quindenis
1411 557 1541 609 festi
1589 558 1890 611 natiuitatis
1938 561 2089 611 beati

149 649 421 702 Johannis
461 649 711 717 Baptiste
751 646 1190 709 advenientibUS,
1229 644 1482 713 prefatus
1509 645 1785 715 Magister
1824 646 2089 699 Nicolaus

149 733 294 788 filius
330 735 527 787 Lachk
579 734 951 803 personaliter
1010 726 1063 784 in
1103 733 1280 800 ipsius
1335 732 1538 784 domini
1577 733 1813 784 Emerici
1857 734 2091 787 Palatini

149 824 419 875 veniendo
471 822 819 890 presenciam
871 821 1089 872 litteras
1143 821 1271 872 dicti
1311 819 1551 888 Capituli
1591 820 1862 872 Budensis
1922 836 2092 890 super

149 911 424 978 premissa
464 909 798 961 euocacione
838 909 1145 974 rescriptas
1186 908 1363 958 eidem
1403 916 1814 974 presentasset,
1870 909 1926 959 In
1975 909 2090 977 qui-

148 999 252 1049 bus
289 997 429 1048 inter
481 1005 668 1047 cetera
717 995 860 1045 idem
915 994 1166 1058 dominus
1205 994 1486 1063 palatinus
1530 994 1759 1045 vidisset
1803 996 2089 1060 contineri,

150 1083 310 1142 Quod
360 1084 543 1151 ipsum
600 1081 914 1149 Capitulum
970 1081 1225 1132 Budense
1287 1081 1669 1132 amicabilibus
1731 1082 2091 1147 peticionibus

94 1208 95 1211 η
149 1170 265 1222 suis
303 1170 667 1239 acquiescens
708 1168 941 1220 unacum
983 1167 1278 1237 Mychaele
1320 1167 1431 1219 filio
1474 1167 1643 1236 Blasy
1687 1169 1754 1218 de
1795 1168 1951 1219 'Bada
1990 1168 2087 1220 ho·

150 1257 292 1308 mine
334 1272 455 1320 suc,
483 1255 818 1308 Clementem
860 1255 1122 1307 clericum
1163 1255 1437 1307 hominem
1479 1273 1669 1306 eorum
1710 1257 1777 1306 ad
1812 1256 2090 1323 premissa

149 1346 477 1414 peragenda
529 1343 925 1396 transmisisset
965 1342 1329 1412 fidedignum,
1383 1342 1490 1400 Qui
1529 1344 1746 1394 demum
1797 1345 1868 1394 ad
1907 1344 2088 1410 ipsum

153 1423 468 1498 Capitulum
507 1431 740 1494 reversi,
783 1430 959 1481 eidem
1001 1430 1349 1482 concorditer
1391 1429 1742 1493 retulissent,
1796 1432 1938 1499 quod
1982 1427 2090 1499 ipsi

147 1517 199 1568 in
261 1518 404 1568 dicto
459 1517 608 1568 festo
666 1517 971 1567 natiuitatis
1023 1518 1171 1568 beati
1222 1515 1491 1567 «Iohannis
1533 1516 1782 1584 Baptiste
1839 1516 2093 1584 prefatos

147 1603 453 1656 Johannem
494 1603 661 1655 filium
702 1603 880 1667 Pauli,
920 1603 1275 1654 Valentinum
1307 1601 1483 1653 'filium
1526 1604 1710 1654 Endre
1762 1612 1815 1654 et
1855 1604 2089 1655 alterum

148 1690 456 1743 Johannem
509 1690 676 1742 filium
718 1690 932 1742 Nicolai
987 1692 1039 1742 in
1102 1691 1248 1741 dicta
1299 1690 1659 1757 possessione
1711 1690 1930 1742 Zantott
1966 1710 2091 1759 pre·-

148 1780 322 1830 missa
361 1778 622 1830 litteralia
665 1778 1032 1829 Instrumenta
1087 1795 1276 1829 eorum
1319 1776 1662 1829 exhibituros
1715 1786 1769 1828 et
1821 1779 1887 1829 de
1934 1779 2094 1830 dictis

150 1868 378 1934 Judicys
415 1880 613 1917 nouem
658 1876 973 1933 marcarum
1010 1865 1113 1916 sibi
1153 1874 1206 1915 et
1244 1864 1390 1932 parti
1417 1866 1656 1916 adverse
1683 1865 2092 1930 satisfacturos,

150 1961 344 2004 contra
371 1960 697 2004 annotatum
727 1952 1063 2022 Magistrum
1094 1951 1382 2003 Nicolaum
1411 1950 1579 2002 filium
1610 1950 1808 2004 Lachk
1846 1954 1899 2004 in
1934 1970 2092 2006 suam

151 2040 528 2108 presenciam,
584 2041 654 2091 ad
705 2040 881 2091 dictas
926 2040 1231 2108 quindenas
1284 2038 1412 2090 festi
1454 2039 1773 2091 Natiuitatis
1812 2042 1958 2093 beati
2000 2041 2093 2094 Jo-

149 2127 348 2179 hannis
389 2126 641 2194 Baptiste
682 2136 1034 2190 evocassent,
1076 2126 1291 2185 Quibus
1331 2126 1548 2195 quidem
1589 2127 1787 2178 litteris
1815 2127 2093 2194 exhibitis,

139 2213 421 2266 *iamdictis
471 2213 525 2264 in
564 2229 792 2264 causam
844 2213 1097 2265 attractis
1136 2213 1507 2281 personaliter
1559 2214 1612 2264 in
1663 2215 1838 2282 ipsius
1889 2216 2093 2268 domini

149 2301 388 2352 Emerici
425 2300 654 2368 palatini
691 2301 985 2367 presencia
1024 2300 1491 2368 comparentibus,
1531 2299 1669 2351 Cum
1698 2301 1966 2354 dictorum
2010 2303 2090 2355 lna>

151 2391 576 2440 strumentorum
624 2385 899 2438 exhibicio
942 2404 1010 2439 ac
1051 2387 1257 2439 eisdem
1299 2387 1586 2455 quindenis
1613 2386 1746 2439 festi
1777 2384 2095 2441 Nativitatis

150 2475 303 2539 beati¹
338 2474 609 2527 Johannis
647 2473 901 2542 Baptiste
941 2470 1083 2527 inter
1121 2476 1404 2543 predictas
1443 2483 1639 2542 partes
1691 2476 1925 2528 diversis
1964 2492 2092 2545 pro·

151 2555 514 2631 rogacionum
553 2561 784 2613 cautelis
837 2575 891 2613 et
931 2562 1175 2613 terminis
1213 2562 1705 2614 interuenientibus
1747 2564 1818 2614 ad
1859 2572 2090 2615 octauas

150 2647 279 2700 festi
318 2647 723 2700 purificationis
762 2649 923 2701 beate
952 2649 1200 2719 Uirginis
1242 2649 1492 2717 proxime
1519 2649 1820 2716 preteritas
1857 2652 2093 2703 deventa

153 2735 477 2799 exstitisset,
520 2736 752 2804 denique
801 2736 940 2804 ipsis
988 2737 1202 2789 octauis
1255 2737 1583 2788 instantibus
1621 2737 1910 2805 medioque
1960 2746 2092 2789 tem-²·

154 2840 292 2891 pore
345 2823 595 2892 predicto
657 2823 878 2875 Honore
932 2817 1274 2892 palatinatus
1326 2834 1428 2891 per
1493 2823 1771 2891 prefatum
1820 2819 2093 2875 dominum

151 2918 399 2961 nostrum
459 2915 654 2980 regem
712 2911 870 2963 nobis
933 2913 1094 2975 dat0,
1150 2911 1443 2962 iamdictus
1501 2910 1772 2980 magister
1829 2909 2094 2962 Nicolaus

152 2995 297 3046 filius
334 2994 530 3047 Lachk
568 2997 938 3065 personaliter
982 3001 1052 3051 ab
1091 3016 1218 3062 una,
1257 2999 1390 3050 Item
1431 2999 1722 3050 memorati
1762 2995 2093 3049 Valentinus

152 3079 298 3132 filius
329 3081 514 3134 Endre
555 3092 608 3134 et
638 3082 929 3138 Johannes
969 3085 1115 3137 filius
1145 3085 1320 3149 Pauli,
1361 3103 1430 3137 ac
1469 3085 1612 3136 alter
1638 3083 1924 3135 Johannes
1950 3081 2094 3133 filius

151 3167 367 3220 Nicolai
407 3171 475 3221 de
503 3170 650 3222 dicta
689 3171 1024 3236 lsouteleke,
1053 3173 1303 3224 similiter
1329 3170 1702 3239 personaliter
1729 3178 1887 3236 parte
1917 3169 2094 3220 altera

153 3254 205 3305 in
247 3264 500 3306 nostrum
539 3256 893 3311 Judiciarium
935 3259 1219 3310 venientes
1257 3266 1637 3325 conspectum,
1682 3257 1863 3307 Primo
1905 3255 2091 3324 prefa-

154 3350 245 3392 tus
287 3341 555 3393 Nicolaus
593 3342 736 3395 filius
775 3338 970 3396 Lachk
1009 3345 1062 3395 in
1101 3344 1264 3395 huius
1305 3346 1721 3407 documentum,
1783 3344 1928 3411 quod
1968 3359 2092 3410 pre-

153 3427 303 3480 fatus
344 3429 594 3480 dominus
632 3441 824 3483 noster
867 3449 966 3483 rex
1006 3432 1331 3500 premissam
1373 3431 1787 3499 possessionem
1842 3445 1941 3479 seu
1983 3439 2090 3480 ter·-

159 3530 276 3564 ram
319 3514 532 3566 Zantou
575 3516 686 3567 alio
726 3519 944 3570 nomine
986 3518 1299 3570 lsouteleke
1340 3524 1597 3570 vocatam
1646 3517 1748 3567 sibi
1788 3513 1999 3568 dederit.
2040 3526 2094 3566 et

228 3605 438 3650 BARTAL
481 3607 528 3652 τ.
572 3608 623 3651 n.
1563 3598 1597 3645 C
