2358 3874
150 334 311 416 'Bu-6,
351 361 405 403 et
441 350 689 402 Joannes
728 347 872 400 filius
915 346 1209 401 Michaelis
1267 348 1319 399 in
1362 346 1600 412 Gelle‚
1658 347 1798 398 alter
1835 347 2081 402 Joannes

151 439 293 492 filius
331 437 567 491 Emerici
622 437 674 488 in
715 435 1174 504 Benkepaton
1226 443 1280 486 et
1327 434 1551 486 Blasius
1603 433 1746 486 filius
1785 434 1976 486 Matus
2028 437 2082 487 in

150 525 535 579 Boczfalva
577 522 803 592 (Fossa)
853 522 999 575 villis
1050 522 1168 574 scil.
1211 523 1419 574 nostris
1467 521 1519 573 in
1561 519 1835 573 Comitatu
1877 522 2082 574 Poson.

151 615 400 667 districtu
439 629 574 665 vero
604 610 908 663 Csallokoz
950 610 1180 662 existen.
1222 618 1277 660 et
1315 611 1385 661 ad
1417 607 1734 660 Castrum
1774 616 2083 660 nostrum

150 701 496 754 Posonien
512 715 582 750 se
631 698 900 765 pertinen.
926 700 970 765 ¹)
1012 705 1374 748 commorant.
1414 704 1662 748 nostrum
1702 696 1990 748 venientes
2028 696 2083 747 in

149 785 625 855 conspectum‚-›in
666 801 887 847 eorum,
942 800 1010 835 ac
1052 784 1436 835 universorum
1476 782 1712 835 aliorum
1751 782 2085 851 populorum

147 882 459 926 nostrorum
501 872 555 923 in
596 871 822 934 eisdem,
866 886 937 921 ac
974 871 1248 922 universis
1288 862 1412 922 aliis
1451 870 1598 923 villis
1636 870 1842 922 nostris
1892 870 1957 922 in·
1994 887 2086 923 eo-

149 962 270 1013 dem
323 959 574 1011 districtu
611 956 911 1010 Csaliokoz
971 957 1321 1008 existentium
1376 965 1431 1007 ct
1479 957 1730 1009 similiter
1774 959 1846 1010 ad
1885 957 2089 1009 dictum

150 1046 409 1099 Castrum
461 1054 709 1098 nostrum
750 1044 1099 1096 Posoniense.
1145 1060 1214 1095 ae
1256 1042 1458 1094 Sedem
1500 1043 1658 1095 Gelle
1699 1045 1899 1113 pertin.
1939 1062 2087 1096 com-

151 1143 384 1194 morant.
428 1133 684 1202 personis
735 1132 895 1184 nobis
943 1140 1322 1200 exposuerunt
1360 1129 1468 1183 hoc
1506 1133 1701 1182 modo:
1761 1133 1908 1200 quod
1959 1131 2088 1183 licet

149 1222 255 1290 ipsi
294 1220 486 1290 populi
524 1219 715 1284 nostri,
758 1236 829 1270 ex
869 1219 1123 1289 gratiosa
1150 1218 1515 1270 concessione
1543 1218 1892 1287 antiquorum
1918 1219 2087 1271 Prae·

148 1311 505 1360 decessorum
565 1315 882 1358 nostrorum
929 1305 1185 1375 Regum,
1238 1305 1346 1356 has
1397 1304 1692 1357 habuerint
1745 1315 1798 1357 et
1843 1305 2089 1358 habeant

146 1396 466 1454 libertates;
519 1403 579 1445 ut
616 1393 801 1446 nullus
855 1394 1073 1445 omnino
1117 1410 1307 1445 eorum
1358 1392 1450 1445 vel
1489 1410 1592 1460 pro
1633 1394 1826 1445 debitis
1865 1393 1955 1446 vel
1995 1411 2088 1445 ex-

147 1483 417 1546 cessibuS,
457 1480 549 1535 vel
591 1480 715 1532 aliis
762 1481 1178 1550 quibuscunque
1213 1480 1398 1543 factiS‚
1426 1497 1568 1549 quae
1596 1482 2089 1550 quomodocunque

149 1577 529 1630 emenserunt,
582 1568 778 1619 demtis
846 1567 1189 1619 solummodo
1244 1567 1411 1620 factis
1462 1584 1666 1619 causas
1707 1568 2091 1619 eclesiasticas

149 1655 638 1729 concernentibuS‚
691 1672 793 1723 per
835 1672 1194 1724 quoscunque
1242 1655 1359 1707 sive
1399 1654 1611 1706 scilicet
1653 1654 1907 1724 judices,
1968 1655 2090 1707 sive

78 1727 82 1730 ‚
148 1743 289 1795 alios
327 1743 577 1794 homines
615 1743 777 1811 regni
816 1743 994 1794 nostri
1036 1742 1342 1806 seculareS,
1373 1742 1464 1795 vel
1489 1743 1541 1794 in
1572 1758 1814 1810 persona
1841 1742 2090 1806 detineri,

148 1829 235 1883 vel
267 1829 536 1900 judicari,
590 1829 679 1880 vel
720 1829 773 1879 in
819 1831 986 1881 rebus
1027 1829 1263 1880 arestari
1306 1838 1360 1880 et
1401 1828 1681 1897 prohiberi
1725 1829 1935 1896 possit,
1989 1831 2090 1881 sed

149 1918 196 1968 si
248 1917 372 1986 quis
398 1924 618 1971 ,contra
683 1916 838 1983 ipsos
889 1916 1128 1984 populos
1180 1924 1404 1968 nostros
1452 1916 1544 1969 vel
1599 1924 1796 1968 contra
1850 1916 2088 1985 aliquem

151 2022 339 2056 eorum
381 2003 675 2055 occasione
719 2004 1021 2055 debitorum
1053 2003 1140 2054 vel
1171 2019 1517 2067 excessuum,
1543 2003 1662 2055 sive
1689 2003 1921 2055 aliorum
1954 2021 2088 2072 quo-

149 2107 486 2159 rumcunque
526 2089 818 2154 factorum,
862 2091 1078 2155 demtiS‚
1106 2099 1166 2142 ut
1185 2089 1521 2161 praefertur,
1548 2090 1892 2143 solummodo
1927 2108 2088 2159 prae-

151 2177 334 2229 missis
387 2176 792 2229 eclesiasticam
854 2177 1067 2229 scilicet
1121 2178 1562 2247 jurisdictionem
1630 2179 2088 2230 concernentibus

150 2263 353 2332 aliquid
406 2264 641 2315 actionis
692 2264 784 2316 vel
843 2263 1184 2333 quaestionis
1239 2265 1558 2329 habuerint,
1607 2266 1644 2316 ii
1681 2265 1733 2317 id
1775 2267 1994 2333 penitus
2032 2266 2085 2317 in

152 2351 332 2403 dicta
391 2349 569 2401 Sede
623 2349 818 2402 Gelle
877 2368 1103 2402 coram
1159 2350 1484 2403 Officiali
1533 2350 1810 2404 Comitis
1862 2353 2087 2404 nostri

157 2437 607 2489 posoniensis
662 2439 715 2489 in
772 2438 951 2489 medio
994 2455 1183 2490 eorum
1234 2456 1337 2506 pro
1377 2448 1628 2506 tempore
1674 2440 1974 2492 constituto
2017 2457 2086 2491 ac

151 2524 342 2576 Judice
382 2534 436 2576 et
465 2526 669 2595 juratis
709 2524 933 2593 populis
973 2526 1217 2594 ejusdem
1258 2525 1422 2578 Sedis
1470 2528 1734 2595 prosequi
1787 2527 1994 2579 habent
2032 2536 2087 2578 et

151 2611 198 2661 si
234 2611 395 2675 iidem
434 2613 501 2663 de
530 2613 738 2682 judicio
777 2613 1027 2681 ipsorum
1067 2612 1398 2665 Officialium
1449 2622 1503 2665 et
1541 2612 1751 2666 Judicis
1791 2625 1845 2666 et
1872 2615 2086 2684 jurato-

152 2682 272 2748 rum
313 2698 645 2765 populorum
697 2700 1005 2751 contentari
1059 2700 1363 2765 noluerint,
1413 2701 1491 2752 ita
1539 2703 1759 2753 tandem
1814 2718 1988 2753 causa
2033 2702 2085 2752 in

155 2785 526 2851 praesentiam
565 2786 741 2853 ipsius
781 2785 1010 2838 Comitis
1049 2788 1226 2838 nostri
1262 2787 1618 2839 posoniensis
1657 2788 1854 2840 deduci
1882 2796 2086 2856 potest.

153 2870 285 2922 Item
325 2873 391 2923 de
432 2872 691 2924 censibus
731 2882 786 2924 et
833 2874 1095 2924 reditibus
1135 2875 1202 2925 de
1246 2874 1424 2925 medio
1466 2875 1714 2942 ipsorum
1754 2875 1942 2938 nobiS‚
1992 2884 2088 2926 aut

153 2957 412 3024 praefato
453 2957 650 3011 Comiti
687 2969 880 3012 nostro
922 2960 1128 3012 Poson.
1170 2961 1515 3029 provenient.
1567 2978 1677 3012 non
1727 2961 1884 3029 pluS,
1924 2980 2088 3031 quam

153 3045 207 3096 in
248 3044 482 3115 singulis
542 3047 701 3098 annis
740 3057 940 3100 octavo
1002 3048 1088 3099 die
1143 3047 1275 3099 sesti
1325 3050 1377 3099 b.
1418 3047 1711 3099 Michaelis
1749 3047 2092 3118 Archangeli

155 3132 399 3202 viginti
437 3140 599 3184 octo
640 3136 1094 3186 centenarios
1133 3136 1583 3187 denariorum
1625 3143 1680 3186 et
1714 3135 2087 3204 sexaginta

155 3235 274 3270 sex
314 3220 595 3271 denario
612 3236 669 3281 s;
721 3220 849 3271 item
890 3229 1088 3273 octavo
1145 3222 1231 3272 die
1286 3221 1413 3272 festi
1461 3224 1514 3274 b.
1557 3221 1786 3290 Georgii
1823 3221 2089 3291 Martyris

312 3424 351 3483 l)
382 3425 444 3469 Ex
470 3426 540 3469 his
566 3426 687 3484 Nagy
723 3439 805 3469 seu
833 3422 960 3484 Zylas
987 3425 1139 3470 Luche
1178 3433 1223 3470 et
1258 3425 1487 3472 Posafalva
1533 3425 1684 3485 paullo
1722 3433 1824 3471 ante
1872 3441 1995 3471 num.
2036 3428 2085 3472 X.

156 3497 198 3539 in
227 3495 600 3543 possessionibus
629 3497 858 3556 regalibus
886 3496 1256 3566 numerabantur.
