2358 3874
1997 224 2117 279 115

181 361 690 446 Archiepiscopus
730 360 863 433 ille;
909 373 1223 445 postquam
1264 374 1460 423 tamen
1501 383 1572 422 eo
1605 383 1703 422 res
1738 360 1990 422 adducta
2025 384 2117 423 es-

181 459 304 520 set,
360 457 425 506 ut
459 444 555 530 pie
591 457 792 506 tacere
825 443 1120 529 nequiret,
1158 444 1314 529 Regi
1350 457 1607 506 mentem
1658 466 1826 518 suam
1868 445 2114 529 aperuit.

181 535 272 591 Ex
309 552 422 613 qua
460 551 591 590 cum
631 527 728 589 hic
762 526 1015 604 videret,
1057 529 1140 590 ita
1171 529 1428 590 animum
1466 532 1598 613 ejus
1637 551 1774 591 esse
1813 551 2117 613 compara-

183 626 323 688 tum,
356 625 423 674 ut
459 636 697 688 „novas
730 612 1138 674 institutiones
1167 612 1296 674 fieri
1329 613 1569 699 penitus
1597 619 1922 691 renuat“1)
1948 625 2115 675 tanta

177 697 239 758 in
275 720 407 758 eum
439 697 528 758 ira
559 696 803 769 exarsit,
839 709 902 757 ut
931 709 1231 780 tamquam
1262 696 1558 759 infidelem
1595 696 1838 782 praedio
1873 697 2113 761 Tardos

182 781 495 843 donatione
536 779 796 843 Emerici
842 780 1033 864 Regis
1083 779 1377 864 acquisito
1434 781 1810 856 deturbaret,
1864 805 1913 843 a.
1952 790 2118 843 1218

178 864 408 927 reddito
473 865 703 927 iterum.
778 866 948 925 Haec
996 868 1266 926 Joannes
1331 866 1612 927 Pontifex
1668 865 2113 950 Strigoniensis

181 949 343 1011 olim:
393 962 458 1011 tu
507 947 644 1034 quid
691 948 750 1009 in
787 948 1261 1031 praesentiarum
1319 951 1556 1032 egerit?
1630 952 1885 1034 quaeris
1949 954 2119 1013 Haec

180 1033 334 1094 enim
403 1032 1014 1118 chronographorum
1053 1031 1406 1117 Hungariae
1446 1034 1677 1093 incuria
1734 1046 1860 1109 est,
1905 1046 1972 1094 ut
2016 1057 2118 1095 ne-

184 1141 368 1202 queas
402 1140 530 1178 cum
569 1116 687 1178 illis
725 1115 836 1178 hoc
871 1119 1123 1178 maxime
1167 1117 1296 1179 loco
1348 1139 1465 1177 non
1516 1118 1915 1201 expostulare.
1960 1120 2118 1202 Ege,

179 1201 334 1286 quod
369 1202 590 1277 sentio,
629 1201 841 1264 dicam:
876 1201 1030 1286 egit,
1077 1214 1143 1263 ut
1177 1200 1542 1262 tantumdem
1577 1202 1630 1262 ei
1661 1224 1767 1286 pro
1803 1200 1982 1264 Bulla
2014 1224 2115 1264 au-

175 1308 280 1347 rea
300 1286 582 1348 Andreae
610 1289 687 1347 11.
710 1285 1050 1361 debeamuS,
1085 1298 1366 1370 quantum
1407 1284 1616 1369 Angli,
1650 1287 1885 1370 aequali
1907 1285 2118 1349 horum

175 1383 511 1454 temporum
560 1369 867 1455 Stephano
916 1371 1263 1455 Langtonio
1317 1368 1792 1456 Archiepiscopo
1852 1374 2113 1433 Cantua-

176 1455 361 1515 riensi
401 1477 508 1539 pro
541 1459 770 1538 Magna
805 1452 1035 1516 Charta
1075 1478 1218 1529 sua,
1269 1453 1786 1516 consentientibus
1838 1455 2120 1517 sensibus

177 1560 243 1600 se
281 1539 500 1601 debere
534 1539 909 1625 profitentur.

366 1725 407 1782 1)
439 1708 554 1771 Vide
585 1722 774 1771 Literas
805 1722 1025 1770 Andreae
1066 1723 1124 1770 de
1174 1738 1217 1770 a.
1261 1719 1421 1770 1218
1464 1737 1611 1785 supra
1651 1722 1710 1770 ad
1759 1727 1788 1780 δ
1820 1716 1876 1771 [ι.
1911 1729 2026 1771 nota
2061 1718 2115 1771 3.

178 1807 433 1866 excitataS,
478 1822 536 1854 ex
575 1806 753 1869 quibus
783 1805 926 1854 verba
961 1807 1039 1854 hic
1070 1807 1281 1855 indicata
1315 1806 1584 1854 sumsimus
1616 1806 1675 1854 ad
1707 1821 1838 1867 rem,
1880 1806 1947 1854 uti
1980 1814 2115 1870 gesta

179 1900 272 1949 est,
321 1891 804 1954 repraesentandam.

1056 1998 1098 2071 §¹
1146 2001 1242 2054 12.

515 2156 575 2198 ut
622 2155 747 2197 erat
786 2147 940 2212 justi
987 2148 1257 2210 aequive'
1289 2145 1788 2196 studiosissimus

353 2295 453 2357 Ad
483 2294 690 2357 laudes
725 2293 961 2354 maximi
994 2292 1247 2355 nominis
1279 2292 1389 2353 viri
1427 2292 1602 2378 hujus
1640 2317 1750 2355 nos
1790 2297 1915 2378 jam
1955 2305 2117 2356 ante-

164 2378 360 2459 bacq
417 2380 670 2442 diximus
709 2379 1023 2464 quaedam,
1075 2381 1226 2439 satis
1271 2378 1574 2439 luculenta
1620 2378 1692 2440 ad
1745 2377 1858 2440 hoc
1906 2378 2118 2441 intelli-

366 2565 406 2622 ¹)
438 2563 491 2610 In
526 2562 636 2610 Not.
672 2577 835 2625 praev.
869 2566 898 2620 ὃ
933 2559 1028 2610 56.
1063 2561 1255 2610 Literae
1288 2577 1394 2609 eam
1426 2562 1476 2609 in
1507 2576 1612 2609 rem
1645 2561 1703 2608 ad
1735 2576 1911 2623 preces
1934 2561 2113 2610 Joann.

182 2647 483 2710 Archiepisc.
517 2646 800 2710 ipsiusque,
843 2660 933 2693 nec
967 2643 1096 2693 enim
1129 2645 1324 2704 dubito,
1364 2645 1524 2693 verbis
1556 2661 1599 2693 a.
1641 2641 1800 2692 1215
1842 2631 1999 2693 editae
2031 2644 2115 2694 111.

187 2729 239 2779 1.
285 2747 336 2795 p.
385 2727 499 2779 169
542 2730 637 2778 hoc
677 2729 859 2777 habent
897 2729 1329 2778 commemorabile
1370 2729 1621 2777 exordium
1668 2727 1840 2786 „Cum
1881 2743 1905 2776 a
1946 2729 2119 2792 primis

183 2815 531 2879 generantibus
572 2829 666 2863 una
709 2813 949 2861 libertatis
991 2814 1206 2862 conditio
1247 2820 1539 2861 cunctorum
1579 2812 1750 2871 suerit,
1794 2813 1879 2860 sed
1920 2813 2117 2885 declivis

183 2899 501 2963 postmodum
535 2898 747 2948 humana
779 2898 1012 2961 fragilitas
1046 2899 1318 2947 secundum
1345 2898 1533 2946 diversa
1557 2897 1728 2945 merita
1762 2897 1982 2945 diversos
2008 2913 2122 2946 sor-—

183 2983 269 3031 tita
299 2983 443 3031 suerit
475 2989 703 3044 eventus;
739 2982 895 3030 divina
928 2982 1168 3046 permittit
1197 2982 1355 3046 pietas
1387 2989 1435 3030 et
1464 2982 1512 3030 id
1544 2981 1705 3045 ipsum
1731 2996 1947 3030 annuere
1974 2981 2120 3030 debet

183 3066 318 3130 regia
349 3066 641 3129 benignitaS,
676 3072 730 3114 ut
760 3081 850 3129 pro
883 3066 1060 3129 quibus
1092 3066 1293 3130 propria
1331 3066 1403 3114 vel
1435 3066 1641 3114 aliorum
1674 3065 1936 3113 efficaciter
1964 3066 2122 3113 inter-

184 3151 367 3214 pellant
406 3149 603 3209 merita,
650 3150 764 3198 licet
803 3149 964 3213 aliquo
1006 3150 1252 3198 servitutis
1303 3149 1465 3198 debito
1505 3149 1641 3213 prius
1681 3149 1877 3211 obligati
1919 3149 2116 3206 suerint,

185 3230 379 3298 pristini
428 3233 581 3281 libero
622 3233 767 3281 statui
810 3234 911 3281 aevi
956 3233 1245 3282 restituendi
1291 3234 1394 3282 sore
1445 3239 1756 3280 censeantur.
1805 3231 1907 3279 Hac
1956 3232 2118 3295 itaque

186 3334 279 3367 nos
311 3316 731 3366 animadversione
774 3316 945 3364 moniti
987 3323 1192 3379 propter
1228 3317 1487 3364 honestam
1529 3322 1577 3363 et
1607 3314 1791 3378 justam
1831 3315 2118 3378 petitionem

185 3402 438 3451 Joannis“‘
489 3407 584 3449 cet.
637 3400 741 3449 Hoc
788 3400 1036 3448 literarum
1080 3399 1341 3462 Regiarum
1392 3398 1646 3446 exordium
1695 3397 1900 3446 Mathias
1943 3399 2118 3447 deinde

186 3485 415 3534 Notarius
447 3486 589 3534 Belae
623 3485 679 3532 R.
716 3499 858 3532 suum
891 3483 1019 3531 fecit.
2066 3490 2067 3493 ’

1658 3562 1691 3612 3
