2280 3918
294 199 374 254 32

296 334 415 399 dita
453 335 639 422 patria
683 344 803 408 est,
858 352 1059 394 omnes
1104 327 1250 390 alias
1299 326 1570 389 utilitatis
1616 325 1885 412 publicae
1929 323 2191 388 rationes

296 417 746 507 posthabuerit3
798 430 993 480 tamen
1031 412 1257 477 defendi
1291 411 1549 487 facilius,
1582 433 1754 497 quam
1790 408 1937 473 haec
1968 409 2194 496 posteri

296 505 578 592 temporis
622 502 912 590 sapientia
947 511 1174 587 potest,
1232 521 1380 584 quae
1422 496 1556 558 dum
1608 495 1779 559 vendi
1820 495 1974 557 bona
2025 494 2196 570 tanti,

299 591 499 676 quanti
547 600 798 676 possunt
849 584 1129 661 admittit,
1184 583 1501 668 eademque
1529 593 1903 644 renumerato
1937 602 2073 642 aere
2110 580 2196 641 in-

299 676 576 738 haerente
618 674 791 736 etiam
835 670 1052 734 seculis
1090 682 1227 755 post
1272 664 1476 731 redimi
1514 666 1765 753 patitur,
1811 689 1919 728 nec
1958 687 2196 727 conser-

297 760 517 822 vationi
547 758 892 821 familiarum
919 755 1191 830 consulit,
1222 776 1332 816 nec
1363 752 1688 815 industriae
1723 751 2025 823 subvenit3
2059 748 2198 836 quid

298 845 524 931 igitur?
559 856 676 906 tam
707 842 861 918 exili,
900 864 1070 928 quam
1102 841 1260 903 nullo
1328 862 1470 925 rope
1495 859 1693 900 earum
1710 834 2029 912 commodo,
2058 857 2197 920 gra-

305 929 565 992 vissimis
603 928 754 991 hanc
783 926 993 1014 premit
1019 863 1412 1012 compedibus

1156 1186 1197 1261 g
1244 1189 1339 1243 12.

304 1343 358 1404 h)
389 1341 803 1407 antiquissima
839 1355 975 1404 agro
1021 1354 1124 1404 per
1169 1339 1356 1402 Reges
1402 1337 1674 1396 donatos,
1720 1337 1776 1386 in
1821 1335 2004 1402 hujus
2054 1351 2201 1401 pos-

306 1429 636 1477 sessionem
685 1424 1028 1476 convocatis
1075 1423 1304 1473 vicinis
1353 1429 1410 1472 et
1457 1422 1894 1472 commetaneis
1943 1437 2046 1486 per
2088 1422 2200 1471 ho-

593 1512 800 1561 minem
846 1509 1092 1575 Regium
1138 1507 1417 1557 mittendi
1464 1507 1910 1568 consuetudine

474 1670 573 1733 Ad
605 1670 933 1733 cautionem
962 1669 1107 1731 haec
1149 1666 1506 1755 pertinebat,
1538 1691 1613 1730 ne
1685 1666 1780 1729 uid
1809 1690 1917 1753 per
1941 1665 2208 1742 donatio—

307 1781 413 1820 nes
456 1760 684 1842 Regum
738 1753 1019 1841 legitimis
1068 1752 1311 1816 aliorum
1358 1752 1595 1838 juribus
1643 1690 2026 1839 (ilecerpatur.
2075 1754 2208 1815 Usu

304 1843 502 1928 itaque
532 1841 719 1919 venit,
751 1853 816 1903 ut
845 1863 952 1927 per
990 1843 1216 1924 Regem
1266 1838 1518 1901 donatus
1561 1837 1758 1914 fundo,
1790 1838 1849 1900 in
1914 1839 2208 1902 ossessio-

308 1952 439 1991 nem
468 1927 673 2013 hujuS,
706 1925 1042 1989 convocatis
1073 1924 1280 1987 vicinis
1312 1936 1370 1986 et
1403 1861 2088 2000 co1nmetaneis,¹i10rum
2132 1946 2204 1986 ue

309 2014 368 2075 in
399 2013 682 2075 societate
714 2035 782 2074 ac
811 2011 1084 2072 comitatu
1134 2008 1469 2096 peragratis
1509 2013 1675 2096 prius
1707 2009 1923 2071 finibus
1963 2031 2070 2096 per
2149 2031 2208 2070 o-

312 2098 521 2162 minem
543 2097 795 2183 Regium
826 2095 1245 2176 (Pristaldum)
1278 2095 1467 2157 solum
1492 2107 1666 2158 antea
1700 2102 1765 2174 ¹),
1791 2094 1998 2158 deinde
2036 2116 2208 2180 prae-

309 2195 478 2247 sente
510 2183 683 2246 etiam
714 2181 1048 2244 testimonio
1083 2179 1321 2267 capituli
1345 2186 1395 2259 2)
1442 2180 1800 2254 mitteretur3
1845 2203 2019 2243 secus
2049 2201 2209 2240 nam-

314 2293 427 2355 que
466 2268 722 2332 Donatio
754 2268 969 2329 nullam
1013 2266 1218 2329 habuit
1246 2265 1360 2327 vim
1381 2265 1698 2351 juridicam
1715 2272 1782 2345 3).

488 2473 531 2532 1)
561 2471 768 2535 Implent
796 2469 1131 2535 probationem
1171 2469 1535 2518 consuetudinis
1575 2449 1719 2533 hujus
1758 2468 1922 2517 literae
1953 2466 2097 2516 Belae
2127 2466 2203 2516 lv.

313 2558 371 2606 de
402 2573 446 2606 a.
474 2550 650 2615 1224,
683 2563 736 2605 ut
765 2556 911 2620 igitur
940 2555 1075 2619 regni
1106 2554 1260 2603 nostri
1292 2555 1594 2604 consuetudo
1627 2552 1862 2618 exigebat,
1897 2552 2073 2602 dictam
2104 2559 2212 2602 ter-

312 2658 413 2691 ram
445 2649 493 2691 et
522 2641 767 2691 libertates
797 2646 1122 2705 praetaxataS,
1155 2655 1310 2707 ‘saepe
1343 2639 1483 2689 dictis
1521 2638 1800 2691 hominibus
1839 2667 1906 2673 —
1943 2652 2032 2702 per
2061 2637 2212 2687 Prae-

313 2724 521 2777 staldum
563 2733 786 2776 nostrum
825 2726 1028 2775 fecimus
1067 2726 1319 2790 assignari.
1355 2725 1410 2774 C.
1443 2725 1501 2775 D.
1535 2725 1618 2774 ΙΙΙ.
1659 2740 1708 2788 p.
1744 2718 1884 2773 467.
1919 2750 1978 2759 —
2018 2722 2127 2771 Jam
2159 2723 2207 2771 in

312 2813 381 2863 lit.
415 2812 557 2861 Belae
587 2812 647 2861 ΙΙ.
682 2811 740 2861 de
771 2827 814 2860 a.
854 2807 1011 2861 1135
1044 2810 1350 2860 Praestaldus
1382 2811 1579 2860 nomine
1610 2809 1750 2858 Douk
1781 2814 2095 2868 memoratur,
2130 2807 2211 2872 qui

313 2897 564 2962 praedium
595 2896 774 2946 Paztuh
810 2911 899 2961 per
928 2897 975 2945 d.
1008 2895 1286 2946 Ladislaum
1318 2895 1493 2945 Comiti
1524 2895 1783 2960 Lamperto
1823 2894 2054 2943 donatum
2094 2907 2214 2943 coe-

315 2982 462 3033 nobio
494 2982 551 3031 de
582 2981 743 3032 Bozok
774 2981 939 3031 statuit
967 2981 1028 3030 ΙΙ.
1062 2996 1112 3045 p.
1149 2977 1246 3030 85.

489 3069 536 3129 2)
568 3066 728 3117 Carol.
761 3066 961 3116 Robert.
995 3081 1039 3115 a.
1078 3061 1230 3116 1321
1269 3065 1394 3129 (VIII
1423 3082 1468 3115 v.
1505 3062 1558 3115 6.
1601 3081 1649 3130 p.
1689 3062 1790 3127 55)
1831 3079 1990 3126 „cum
2021 3062 2092 3114 vir
2120 3078 2215 3114 no—

315 3153 427 3203 bilis
459 3161 553 3204 cet.
588 3152 794 3202 conferri
826 3151 1139 3216 postulasset,
1173 3167 1361 3217 nosque
1386 3150 1519 3216 juxta
1543 3151 1719 3200 bonam
1753 3150 1888 3216 regni
1912 3149 2068 3199 nostri
2091 3164 2216 3199 con-

318 3239 621 3289 suetudinem
653 3238 712 3288 ab
744 3237 940 3302 antiquo
972 3237 1272 3302 aprobatam,
1305 3237 1520 3286 volentes
1552 3252 1608 3286 ex
1641 3244 1770 3287 certa
1803 3235 2004 3286 scientia
2034 3250 2215 3300 proce-

319 3324 448 3385 dere,
482 3325 530 3373 in
561 3325 651 3373 hac
682 3330 816 3387 parte
847 3323 1056 3387 capitulo
1087 3322 1336 3372 Ecclesiae
1357 3329 1451 3372 cet.
1475 3329 1527 3372 ut
1546 3338 1687 3373 suum
1708 3323 1922 3372 mitteret
1939 3320 2210 3380 hominem,

319 3425 479 3458 coram
513 3425 607 3473 quo
638 3409 701 3458 M.
733 3408 961 3469 Jacobus,
994 3408 1139 3458 Aulae
1170 3415 1364 3458 nostrae
1396 3408 1640 3469 NotariUS,
1673 3409 1831 3458 Homo
1864 3412 2035 3482 noster
2063 3421 2212 3470 prae-

322 3495 461 3542 fatam
492 3493 872 3557 possessionem,
905 3493 1180 3543 convocatis
1212 3494 1577 3554 commetaneiS,
1611 3501 1659 3542 et
1689 3493 1856 3543 vicinis
1886 3507 1975 3555 per
2000 3506 2136 3540 veras
2166 3495 2212 3538 et
