2358 3874
257 215 375 271 142

275 349 584 421 actabant;
617 348 675 411 id
707 369 849 409 vero
881 368 999 407 non
1030 343 1089 404 hi
1121 355 1352 406 tantum
1384 343 1491 405 sed
1515 344 1770 430 populus
1801 342 1995 407 omnis
2025 365 2189 406 acer—

244 373 500 497 bissime
538 431 803 494 dolebat:
847 429 1085 502 Belam‚
1136 449 1312 511 quum
1353 449 1478 489 rem
1509 427 1895 491 monetariam
1939 450 2190 513 proven-

252 530 473 603 tusque
503 515 719 580 aerarii
750 515 921 599 leges
968 511 1222 575 Judaeis
1253 510 1452 574 locare
1483 523 1775 588 vetarent,
1812 512 2193 599 interpellata

253 601 545 664 adversus
576 601 692 661 vim
723 598 935 660 harum
966 595 1282 658 Pontificis
1314 595 1690 672 auctoritate,
1723 594 2021 682 hujusque
2052 619 2191 659 con-

255 709 440 748 sensu
473 707 604 746 cum
636 682 942 756 cautione,
985 692 1049 742 ut
1080 679 1379 766 publicani
1412 678 1588 764 hujus
1621 681 1867 764 generis
1898 679 2191 743 Christia-

252 791 464 832 norum
494 767 581 830 uti
613 791 794 852 opera
825 765 1098 840 debeant,
1133 764 1395 840 obtento,
1427 786 1684 848 regnum
1714 764 1930 850 priscis
1955 763 2193 826 calami-

251 853 479 916 tatibus
512 851 823 936 objecisse.
869 847 1134 911 Mathias
1165 847 1316 934 ipse,
1351 847 1449 933 qui
1480 851 1628 933 Ejus
1659 849 1857 934 paullo
1891 859 2029 910 ante
2060 850 2191 910 No-

251 936 480 1013 tarius,
524 938 651 1021 jam
702 934 986 997 Pontifex
1015 932 1463 1018 strigoniensis
1514 945 1679 1007 erat,
1734 932 2010 1017 Ugrinus
2048 932 2191 994 item

254 1021 606 1084 Colocensis
637 1018 1154 1104 Archiepiscopus
1197 1017 1470 1079 molimen
1510 1016 1802 1102 Stephani
1836 1019 1915 1078 Π.
1958 1020 2192 1101 Zagra-

251 1105 478 1167 biensis
526 1103 839 1166 Praesulis
861 1151 875 1178 ,
927 1102 1025 1186 qui
1070 1102 1487 1186 spalatensem
1542 1124 1675 1162 cum
1722 1100 1835 1162 hac
1887 1101 2193 1186 conjungi,

253 1188 587 1273 Sedemque
619 1210 789 1249 suam
818 1186 879 1247 in
908 1185 1291 1270 Metropolim
1329 1185 1484 1268 erigi
1516 1184 1886 1271 concupivit,
1931 1185 2194 1248 secunda

252 1274 435 1335 Belae
468 1273 774 1334 voluntate
805 1270 902 1346 ali,
935 1268 1359 1332 molestissime
1389 1269 1697 1345 ferebant,
1732 1269 1887 1355 quod
1902 1268 2195 1334 hicEcle·

253 1358 402 1420 siam
434 1379 563 1420 eam
594 1381 629 1418 a
658 1354 965 1442 provincia
994 1378 1106 1415 sua
1137 1353 1330 1428 avelli,
1363 1352 1480 1415 iste
1499 1354 1908 1417 Primatialem
1928 1366 2195 1441 potesta-

251 1456 373 1506 tem
406 1440 647 1504 diminui
678 1440 893 1515 nollet,
937 1451 997 1502 et
1027 1437 1177 1500 duos
1220 1435 1288 1498 in
1335 1437 1576 1500 eodem
1621 1461 1846 1523 regno
1890 1438 2194 1502 Primates

253 1527 516 1590 existere
547 1546 730 1611 posse
763 1529 1115 1608 negarem).
1161 1522 1449 1585 Accessit
1481 1522 1550 1584 ad
1596 1521 1770 1599 haec,
1816 1523 1972 1608 quod
2015 1523 2192 1600 bona,

255 1634 406 1696 quae
443 1608 736 1672 Ecclesiis
767 1607 982 1670 donata
1015 1607 1340 1693 superflue,
1372 1606 1509 1691 lege
1530 1610 1746 1691 jussus
1777 1608 2025 1693 recepit,
2055 1630 2193 1670 mox

252 1695 466 1759 iterum
498 1693 792 1765 restituit3
838 1693 1126 1778 plurimas
1170 1713 1315 1752 vero
1348 1713 1582 1766 earum,
1631 1692 1813 1753 terris
1858 1704 2195 1754 castrorum

254 1779 470 1866 partim
490 1781 617 1863 jam
648 1790 825 1839 antea
855 1774 1247 1861 recuperatis,
1280 1774 1498 1859 partim
1530 1775 1782 1838 exemtis
1821 1777 2061 1839 novitus
2109 1777 2196 1840 ita

253 1867 438 1938 auxit,
471 1875 537 1925 ut
568 1873 806 1938 essent,
851 1872 988 1947 post
1018 1861 1216 1944 legem
1247 1880 1378 1920 eam
1407 1860 1623 1936 multo,
1656 1882 1834 1944 quam
1864 1873 2003 1924 ante
2034 1862 2195 1924 locu-

254 1949 540 2033 pletiores
570 1954 639 2026 3).
883 1966 887 1970 ’

434 2219 482 2278 2)
514 2217 636 2266 Rem
669 2232 890 2276 omnem,
923 2214 1148 2280 ejusque,
1175 2232 1234 2267 ex
1265 2216 1506 2267 sententia
1531 2216 1961 2280 Archipraesulum
1994 2216 2193 2277 horum,

255 2302 438 2351 exitum
471 2301 576 2350 vide
607 2302 739 2366 apud
770 2301 948 2350 Farlat.
983 2307 1019 2350 t.
1054 2302 1108 2350 V.
1142 2318 1193 2366 p.
1224 2298 1344 2351 367
1382 2302 1465 2367 qui
1496 2300 1763 2350 narrationi
1795 2317 1913 2350 suae
1947 2300 2197 2351 subnectit

258 2401 458 2450 „neque
489 2386 754 2435 recentiori
783 2391 1009 2449 tempore
1041 2386 1358 2450 cupiditatem
1397 2387 1526 2435 hanc
1566 2385 1787 2435 omnium
1819 2386 1996 2435 animis
2027 2386 2197 2436 exole-

254 2470 451 2519 visse“.
502 2470 572 2519 De
604 2469 847 2519 sententia
876 2485 1053 2519 vocum
1084 2470 1143 2519 in
1189 2471 1391 2520 eodem
1439 2485 1624 2534 regno
1669 2470 1892 2520 inferius.
2030 2476 2033 2479 “

434 2555 482 2615 3)
514 2554 571 2603 C.
606 2554 664 2604 D.
699 2554 775 2603 IV.
809 2570 854 2602 v.
882 2551 934 2603 1.
969 2569 1020 2618 p.
1048 2549 1167 2603 104
1199 2562 1248 2604 et
1277 2555 1487 2619 plurima
1519 2554 1609 2603 alia
1642 2554 1690 2603 in
1721 2555 1854 2604 hunc
1885 2569 2106 2604 sensum.

1158 2732 1302 2807 §4-

259 2888 315 2930 et
358 2889 683 2947 postquam
730 2881 1043 2932 Cuthenus
1095 2882 1214 2931 Rex
1261 2882 1658 2932 Cumanorum
1713 2895 1845 2931 cum
1901 2874 1987 2930 [ιθ
2045 2897 2198 2931 suo-

257 2958 414 3039 ‘hrum
460 2965 734 3015 millibus
779 2966 836 3014 in
883 2965 1012 3030 ejus
1059 2966 1482 3015 concessisset
1525 2972 1928 3030 potestatem,
1978 2965 2164 3014 nimio

858 3050 915 3097 in
961 3049 1069 3098 hos
1116 3049 1317 3098 studio
1363 3056 1611 3099 auctam.

429 3209 598 3268 Inter
626 3204 793 3281 haec,
826 3204 1138 3268 Cuthenus
1170 3207 1571 3270 Cumanorum
1612 3209 1761 3283 Rex,
1795 3230 1900 3293 per
1930 3208 2196 3270 Tataros

259 3289 400 3370 (hoc
435 3289 588 3352 enim
622 3290 776 3376 apud
819 3314 931 3354 nos
962 3291 1311 3376 Mogolibus
1350 3291 1469 3353 illis
1504 3300 1747 3371 nomen)
1791 3291 1980 3355 semel
2017 3303 2196 3393 atque

257 3375 471 3436 iterum
503 3374 692 3436 victos
725 3374 964 3438 tandem
1007 3374 1198 3438 victus
1233 3399 1362 3438 cum
1403 3385 1486 3438 40
1518 3400 1762 3438 suorum
1801 3375 2061 3438 millibus
2077 3398 2195 3520 dus

259 3458 515 3520 civitatis
547 3482 580 3519 a
602 3459 748 3521 Bela
779 3460 1120 3545 postulavit.
1166 3461 1659 3525 Percommodum
1688 3459 1747 3522 id
1782 3459 1921 3522 huic
1948 3458 2074 3521 acci
2118 3459 2193 3532 it;
