2358 3874
282 182 404 233 vm

1171 313 1320 381 111.

279 491 527 555 Literae
557 489 741 551 Belae
782 489 894 550 lv.
933 484 1344 570 autographae
1390 483 1462 546 de
1505 507 1556 545 a.
1598 491 1797 564 1243,
1837 510 1988 573 quae
2023 501 2218 553 ortum

337 605 510 667 villae
545 601 877 676 Damazer,
925 621 1035 661 seu
1068 598 1188 660 Kis
1224 597 1526 682 Kiralyfia
1555 597 1803 662 Karcha
1841 600 2140 666 exhibent.

428 838 651 901 BELA,
702 835 790 887 dei
828 834 1026 906 gracia
1064 833 1298 904 Hungar
1324 863 1390 870 —
1417 863 1483 871 -—
1529 832 1580 885 D
1599 863 1663 871 —
1691 863 1760 871 --
1782 834 1903 887 acie
1945 833 2218 890 Crouacie

277 930 477 992 Rame,
517 925 743 988 Seruie,
785 921 1046 987 Gallicie,
1083 920 1441 985 Lodomerie,
1482 918 1860 991 Cumanieque
1909 921 2066 988 Rex,
2104 924 2220 977 vni·

275 1020 459 1070 uersis
498 1011 707 1066 Christi
745 1009 997 1063 fidelibus
1048 1017 1347 1079 presentes
1393 1007 1611 1061 litteras
1656 1008 2022 1078 inspecturiS,
2073 1011 2220 1065 salu-

276 1113 387 1157 tem
425 1103 480 1155 in
521 1100 759 1153 omnium
798 1097 1103 1151 saluatore.
1144 1095 1302 1148 Solet
1341 1112 1377 1147 a
1418 1095 1667 1165 principe
1702 1095 2037 1163 confirmari,
2073 1098 2220 1169 quod

266 1193 419 1262 juste
458 1186 802 1259 dignoscitur
841 1201 969 1237 esse
1007 1183 1234 1248 factum,
1272 1200 1343 1236 ne
1383 1183 1437 1236 id
1477 1185 1623 1255 quod
1664 1184 1975 1238 ordinatum
2014 1186 2220 1251 fuerat,

275 1293 550 1348 processu
601 1283 913 1342 temporum
962 1272 1235 1324 inirritum
1296 1280 1610 1325 reuocetur.
1680 1271 1768 1325 Ad
1833 1273 2221 1328 uniuersorum

279 1367 451 1436 igitur
487 1361 748 1416 noticiam
786 1368 979 1412 tenore
1018 1359 1370 1429 presencium
1407 1358 1668 1412 uolumus
1706 1361 2021 1429 pervenire.
2073 1363 2220 1432 quod

277 1470 401 1506 cum
439 1450 582 1503 Juan
622 1447 769 1500 filius
802 1445 1041 1511 AtanaS‚
1069 1446 1243 1516 Heym
1282 1445 1430 1499 filius
1454 1446 1667 1511 Bodun‚
1707 1457 1763 1501 et
1790 1447 2220 1502 Bartholomeus

275 1540 421 1593 filius
457 1537 728 1607 Remigy,
784 1552 820 1588 a
866 1534 1118 1587 Damasa
1170 1533 1284 1586 filio
1333 1533 1623 1605 Zolougoz
1674 1536 1951 1604 quandam
2001 1545 2221 1605 partem

275 1638 462 1682 terrae
500 1623 732 1677 Karcha
770 1639 878 1693 que
916 1622 1213 1676 Mortunus
1250 1621 1345 1691 filij
1386 1620 1658 1674 Johannis
1695 1621 1883 1674 fuerat
1899 1625 1960 1692 ¹),
2000 1632 2220 1694 repete·

273 1725 360 1769 ret
409 1713 608 1767 iudicio
667 1727 857 1763 coram
909 1710 1068 1762 nobis
1089 1746 1104 1773 ‚
1157 1717 1349 1778 utpote
1398 1709 1636 1762 indebite
1675 1721 2038 1779 occupatam,
2075 1711 2220 1766 idem

275 1804 528 1866 Damasa
578 1797 871 1866 respondit
909 1814 979 1849 ex
1031 1798 1293 1850 aduerso.
1347 1798 1494 1866 quod
1556 1796 1707 1850 illam
1761 1805 1972 1850 terram
2022 1815 2220 1852 socrus

273 1910 377 1945 sua
414 1889 609 1942 relicta
647 1884 906 1938 uidelicet
944 1885 1070 1938 dicti
1095 1884 1391 1937 Mortunus
1429 1902 1534 1954 pro
1574 1886 1703 1938 dote
1734 1902 1856 1948 sua,
1891 1895 1947 1939 et
1978 1887 2220 1940 coniunx

273 1996 377 2031 sua
433 1976 544 2028 filia
597 1975 844 2026 eiusdem
883 1972 1180 2025 Mortunus
1230 1989 1335 2041 pro
1389 1980 1590 2042 quarta
1642 1989 1746 2026 sua
1793 1972 2032 2027 fuissent
2084 1974 2220 2028 iuris

274 2065 466 2118 ordine
519 2068 839 2114 consecute.
892 2068 947 2112 et
995 2076 1167 2128 super
1216 2059 1540 2112 assercione
1579 2076 1715 2125 sua,
1774 2060 1993 2114 litteras
2043 2062 2218 2115 Poso-

272 2151 482 2206 niensis
519 2148 762 2218 Capituli
810 2148 968 2200 nobis
1019 2147 1266 2200 exhibuit
1319 2148 1422 2201 sub
1470 2147 1581 2201 hac
1632 2147 1832 2202 forma.
1881 2149 2218 2203 Uniuersum

273 2238 589 2308 Capitulum
627 2236 990 2290 Posoniensis
1041 2228 1309 2301 ecclesie,
1369 2236 1441 2288 ad
1496 2252 1637 2305 quos
1688 2245 1986 2306 presentes
2035 2236 2219 2290 littere

280 2326 651 2397 peruenerint‚
690 2324 987 2377 oraciones
1025 2324 1077 2376 in
1119 2323 1357 2376 domino.
1410 2323 1759 2377 vniuersitati
1795 2334 1988 2377 uestre
2023 2333 2216 2378 >notum

271 2414 542 2478 facimuS,
594 2413 738 2482 quod
789 2413 1066 2464 accedens
1120 2413 1191 2463 ad
1239 2420 1492 2464 nostram
1529 2413 1883 2480 presenciam
1927 2412 2220 2466 Barnabas

273 2503 339 2554 de
393 2501 528 2554 uilla
581 2498 845 2552 Karasha
898 2499 1049 2551 dixit.
1110 2500 1254 2569 quod
1313 2499 1510 2552 relicta
1548 2499 1845 2553 Mortunus
1903 2502 1971 2552 de
2023 2501 2218 2553 eadem

270 2588 404 2641 uilla
450 2587 713 2640 Karasha
765 2587 997 2640 citasset
1049 2604 1174 2639 eum
1231 2605 1336 2656 pro
1395 2590 1522 2641 dote
1577 2606 1682 2641 sua
1742 2591 1813 2642 ad
1871 2589 2217 2658 presenciam

278 2676 679 2747 Strigoniensis
718 2674 1150 2744 Archiepiscopi
1196 2675 1398 2728 domini
1438 2675 1727 2745 Stephani.
1780 2678 2003 2730 tandem
2051 2676 2219 2729 domi-

269 2781 374 2816 nus
400 2764 879 2833 Archiepiscopus
918 2763 1291 2816 commisisset
1329 2780 1562 2816 causam
1601 2765 1785 2817 comiti
1814 2763 2089 2833 Tyburcio
2123 2765 2215 2816 de-

270 2851 687 2903 terminandam.
727 2851 819 2920 qui
858 2851 1237 2904 adiudicasset
1272 2852 1522 2920 predicte
1550 2851 1764 2903 mulieri
1787 2850 2066 2915 satisfieri,
2098 2859 2215 2906 tan-

271 2939 394 2989 dem
437 2954 627 2990 coram
667 2938 828 2989 nobis
868 2938 1015 2990 dedit
1045 2938 1331 3007 predictus
1359 2938 1655 2991 Barnabas
1678 2947 1971 3007 prenotate
1999 2939 2216 2991 domine

270 3042 372 3094 pro
421 3026 549 3077 dote
604 3040 708 3075 sua
761 3023 870 3076 hoc
920 3033 1006 3076 est
1060 3042 1165 3093 pro
1226 3025 1626 3096 quinquaginta
1684 3026 1889 3079 marcis
1906 3028 1956 3094 2)
2010 3035 2067 3078 et
2111 3042 2215 3094 pro

268 3193 400 3200 ——-

425 3292 465 3352 ¹)
495 3294 648 3347 Terra,
680 3293 735 3338 de
765 3308 855 3353 qua
884 3295 1019 3341 isthic
1046 3297 1207 3356 agitur,
1237 3297 1359 3343 vicus
1388 3297 1592 3357 Kiralyfia
1624 3296 1797 3342 Karcha
1833 3302 1932 3349 est;
1977 3295 2131 3341 itidem
2159 3295 2213 3341 ad

266 3366 573 3425 Jobbagiones
603 3381 639 3411 s.
668 3366 802 3425 Regis
831 3374 1064 3426 spectans,

416 3467 461 3526 2)
490 3468 734 3528 Recollige,
766 3483 881 3529 quae
919 3470 995 3517 lib.
1027 3472 1075 3517 V.
1105 3472 1132 3530 S
1165 3469 1247 3518 17.
1281 3472 1559 3518 tradidimus.
