2280 3918
369 216 447 271 28

1228 355 1283 430 ς.
1328 357 1384 412 6.

368 510 609 574 Legum,
665 523 808 574 quae
859 515 915 557 ul,
965 523 1022 555 ca
1056 513 1221 555 cram
1251 514 1536 570 tempora,
1584 520 1647 552 cx
1694 521 1795 553 usu
1836 511 2062 564 essent,
2113 522 2256 554 con—

1108 590 1514 645 stultissimum

535 754 734 815 Belam
770 751 912 813 haec
951 774 1066 812 non
1104 749 1272 812 modo
1318 749 1680 836 praeclarum
1713 748 1980 822 militiae,
2020 748 2124 811 sed
2159 772 2255 835 pa·-

367 840 454 900 cis
499 862 725 924 quoque
762 836 992 911 artium,
1027 848 1086 898 et
1116 835 1333 921 legum,
1379 857 1527 920 quae
1567 856 1674 918 pro
1710 857 1777 896 ea
1809 846 2132 920 temporum
2166 857 2256 896 ra-

365 923 554 999 tione,
588 923 835 986 maxime
873 945 947 984 ex
979 945 1087 983 usu
1131 932 1361 996 essent,
1403 918 1899 982 consultissimum
1926 919 2257 984 ostendunt.

364 1013 477 1072 Est
507 1009 694 1095 igitur
729 1006 1012 1094 quaedam
1048 1006 1118 1069 de
1152 1028 1221 1068 eo
1258 1003 1554 1067 scribendi
1588 1003 1830 1068 dulcedo
1866 1003 2120 1068 omnium
2163 1028 2259 1068 ve-

363 1107 553 1158 terum
609 1091 1190 1179 chronographorum
1244 1089 1595 1162 communis3
1654 1113 1767 1175 quo
1809 1089 2003 1175 magis
2056 1090 2260 1154 doleas

365 1181 677 1266 plerosque
708 1179 911 1241 horum
934 1201 1042 1240 nec
1067 1199 1190 1238 rem
1216 1175 1533 1262 publicam,
1555 1198 1663 1237 nec
1695 1176 1871 1238 ullam
1894 1177 2050 1261 yitae
2068 1176 2259 1241 foren-

369 1264 454 1326 sis
477 1277 701 1351 partem
729 1263 1020 1348 attigisse.
1051 1266 1145 1323 lta
1173 1283 1420 1346 namque
1445 1260 1681 1337 sactum,
1709 1273 1773 1323 ut
1800 1285 1918 1325 non
1945 1261 2261 1347 imaginem

363 1362 565 1426 totam,
607 1349 711 1412 sed
746 1349 1026 1435 quasdam
1055 1347 1245 1409 solum
1279 1344 1772 1410 honoratissimae
1806 1347 1991 1410 lineas
2027 1347 2260 1424 mentis,

365 1435 652 1521 animique
713 1437 840 1520 ejus
885 1433 956 1496 ad
995 1445 1267 1520 posteros
1317 1431 1804 1495 transmitterent.
1861 1436 1930 1496 ln
1980 1432 2075 1495 his
2128 1456 2261 1519 ego,

366 1533 527 1583 certa
566 1520 814 1604 Regesti
848 1518 1240 1583 Varadiensis
1286 1517 1459 1580 nixus
1507 1517 1651 1594 fide,
1697 1518 2261 1582 aestimationem

364 1606 563 1691 regni
596 1605 871 1668 collocavi
903 1605 1074 1692 paulo
1107 1616 1269 1676 ante3
1303 1616 1442 1665 sunt
1463 1615 1656 1666 tamen
1680 1603 1828 1667 aliae
1852 1626 2082 1690 quoque
2105 1603 2263 1703 juris

370 1691 581 1777 privati
632 1690 940 1777 hungarici
983 1689 1434 1753 constitutiones
1475 1688 1790 1774 quaedam,
1834 1712 1982 1775 quas
2019 1689 2073 1752 si
2109 1689 2263 1753 lnsra

345 1789 614 1840 aetatem
651 1778 830 1839 Belae
856 1780 898 1838 Ι.
934 1776 1224 1852 differam,
1265 1773 1477 1836 minori
1530 1796 1767 1861 peccem
1821 1774 2025 1853 venia,
2069 1798 2261 1861 quam,

365 1861 446 1938 si,
485 1862 637 1948 quod
666 1862 860 1925 facere
888 1861 1206 1924 inclinabat
1245 1859 1501 1936 animuS‚
1549 1859 1610 1922 in
1643 1858 1799 1922 serie
1830 1859 2262 1946 antiquissima-

364 1971 491 2009 rum
522 1948 991 2034 percensuissem
1024 1947 1220 2032 legum
1250 1946 1310 2007 in
1342 1945 1630 2008 communi
1661 1945 1733 2008 ad
1754 1948 1876 2009 Zer
1899 1945 2263 2010 conditarum

368 2033 672 2119 colloquio.
713 2031 1186 2096 Consuetudines
1217 2031 1368 2094 enim
1401 2043 1539 2093 sunt
1581 2043 1774 2094 aetate
1813 2031 2063 2117 Regesti
2104 2031 2261 2095 illius

369 2119 749 2204 antiquio1·eS‚
782 2131 841 2181 et
869 2142 1000 2180 cum
1023 2117 1122 2179 illa
1156 2117 1564 2179 aestimatione
1590 2116 1762 2202 regni
1788 2117 1876 2178 sic
1901 2120 2262 2204 conjunctae,

365 2216 430 2266 ut
466 2204 655 2266 solum
708 2205 1013 2290 ipsumque
1058 2202 1232 2289 hujus
1269 2203 1517 2288 Regesti
1566 2202 1986 2288 quodammodo
2025 2202 2261 2269 fundum

368 2290 744 2353 constituant.
789 2290 996 2352 Dicam
1028 2289 1099 2351 de
1130 2287 1386 2374 singulis
1417 2288 1651 2350 cursim.

914 2562 961 2621 1.
1015 2561 1113 2622 De
1142 2566 1299 2641 jure
1336 2564 1713 2642 yentilitatiS.

1242 2765 1379 2841 §z

572 2921 674 2970 ,lus
720 2918 1114 2985 praelationis
1160 2917 1476 2981 sanguinis
1522 2917 1731 2981 vulgus
1776 2921 2055 2985 appellat.

537 3083 653 3142 Jus
694 3079 898 3166 stirpis
945 3090 1002 3139 et
1042 3076 1394 3162 gentilitatis
1433 3100 1547 3138 non
1591 3074 1824 3164 legibus
1870 3082 2109 3169 scriptis
2160 3082 2262 3145 sed

373 3178 580 3228 natura
610 3177 849 3227 auctore
888 3163 1203 3231 conditum;
1251 3163 1468 3224 nullum
1506 3163 1703 3249 itaque
1751 3168 1944 3254 paullo
1984 3167 2261 3231 vetustio-

373 3275 491 3314 rem
523 3250 784 3337 reperias
824 3249 1113 3337 popnlum‚
1181 3248 1272 3310 cui
1313 3273 1426 3313 non
1472 3261 1531 3311 et
1572 3250 1767 3314 tribus
1805 3260 2264 3339 suaeletffgentes

373 3337 603 3400 fuerint.
660 3339 756 3399 Ac
787 3349 1024 3399 nostros
1057 3332 1283 3419 quidem
1329 3334 1725 3420 Aborigines,
1766 3339 1942 3403 studii
1974 3338 2148 3425 hujus
2179 3341 2263 3402 ni—

376 3421 521 3483 mios
563 3445 783 3507 poene,
823 3445 951 3483 cum
995 3419 1052 3481 in
1087 3420 1367 3506 plurimas
1399 3419 1568 3483 divisi
1609 3422 1837 3502 tribuS‚
1869 3423 2106 3502 harum,
2148 3447 2261 3488 non
