2358 3874
405 920 489 984 Χ.
563 918 813 985 REX
891 913 1670 984 STEPHANUS
1733 914 1811 980 11.
1894 961 1899 973 1

736 1085 793 1134 ab
841 1100 968 1133 anno
1022 1077 1485 1133 1114—1131.

1040 1264 1182 1338 §L

202 1415 1031 1481 Propterzunatennejusin
1076 1414 1501 1478 procuraffioue
1548 1413 1711 1475 regni
1761 1412 2026 1460 Poutsscx

334 1500 801 1566 StrigoniensiS,
851 1507 905 1549 et
949 1498 1254 1548 Palatinus
1300 1504 1466 1547 erant
1511 1497 1887 1560 aliquamdiu.

323 1664 481 1723 Tres
510 1673 568 1723 et
597 1660 797 1723 decem
824 1671 1002 1721 natus
1043 1681 1229 1721 annos
1267 1658 1421 1743 patri
1450 1656 1763 1720 successit.
1795 1658 2071 1742 Regnum

160 1747 381 1832 itaque,
420 1745 511 1807 cui
538 1744 925 1831 gubernando
964 1768 1070 1831 per
1098 1756 1351 1807 aetatem
1378 1738 1622 1806 idoneus
1648 1741 1904 1806 nondum
1926 1755 2073 1820 erat,

157 1835 281 1918 ejus
318 1831 549 1893 nomine
588 1829 902 1907 proceres,
929 1828 1294 1907 Colomanni,
1325 1828 1548 1916 opinor,
1589 1827 1799 1890 delecti
1825 1827 2071 1913 ju‘diciO,

158 1917 313 1980 inter
358 1940 504 2002 quos
541 1916 907 1979 Laurentius
951 1913 1462 2002 Archiepiscopus
1504 1913 1970 1999 Strigoniensis,
2016 1927 2075 1976 et

155 2005 424 2066 Joannes
459 2001 715 2065 Urosius
751 2001 1063 2064 Palatinus
1098 1999 1425 2087 praecipui,
1472 1997 1824 2084 aliquamdiu
1859 2022 2069 2085 procu-

153 2087 378 2150 rabant.
419 2090 647 2149 Horum
681 2086 926 2149 consilio
964 2085 1307 2173 Stephanus
1340 2109 1458 2148 non
1487 2085 1671 2147 multo
1697 2096 1836 2172 post
1855 2107 2072 2148 corona

158 2173 485 2249 incinctus,
528 2170 684 2236 hunc
716 2175 839 2258 jam
881 2196 1026 2259 puer
1073 2173 1325 2233 animum
1376 2171 1557 2233 altum
1595 2183 1770 2256 atque
1809 2183 2069 2234 erectum

154 2281 364 2346 praese
442 2258 664 2335 erebat,
695 2282 766 2321 ex
791 2275 905 2344 ‘quo
925 2258 1179 2345 judicari
1208 2269 1435 2343 posset,
1469 2257 1716 2318 alterum
1747 2279 1880 2318 eum
1903 2259 2070 2318 Hun-

155 2343 361 2430 gariae
390 2282 652 2406 &iturum
679 2344 998 2407 Zoltanum
1028 2343 1245 2422 fuisse,
1278 2342 1329 2404 si
1359 2342 1419 2403 in
1451 2341 1729 2429 propiora
1758 2340 1897 2404 huic
1925 2354 2070 2405 tem—

156 2452 299 2515 pora
333 2440 531 2504 natus,
565 2441 666 2491 aut
705 2428 1050 2492 Duumviris
1086 2428 1201 2503 his,
1237 2427 1435 2515 prisca
1467 2426 1753 2490 virtutum
1788 2428 2070 2513 hungari-

160 2537 358 2577 carum
394 2512 596 2591 laude,
641 2515 918 2600 aequales
950 2515 1131 2578 ceteri
1162 2511 1504 2577 Summates
1534 2513 1804 2576 fuissent.

1048 2690 1189 2765 §a

205 2841 462 2892 Urbibus
508 2842 847 2902 maritimiS,
896 2857 1037 2906 quas
1077 2843 1276 2892 Veneti
1324 2844 1739 2915 oportunitate
1785 2842 1889 2891 hac
1938 2844 2031 2891 usi

583 2923 597 2936 ”
921 2934 1311 2993 occuparant,

339 3088 558 3148 Rerum
588 3109 624 3148 a
652 3088 1013 3151 Colomanno
1045 3087 1103 3149 in
1134 3088 1318 3151 filium
1347 3111 1592 3175 puerum
1623 3089 1914 3151 transitus
1946 3111 2076 3172 per*

162 3181 487 3258 oportunus
516 3172 800 3247 VenetiS,
840 3186 904 3235 ut
934 3173 1088 3259 quod
1119 3173 1216 3236 diu
1248 3174 1439 3237 adhuc
1494 3175 1721 3236 frustra
1777 3173 2078 3259 optabant,

163 3255 587 3339 maritimarum
615 3257 946 3321 Dalmatiae
994 3258 1224 3320 urbium
1267 3283 1478 3321 rursus
1519 3258 1865 3344 potirentur.
1917 3258 2073 3320 Effe-

163 3354 317 3404 ctum
365 3340 422 3402 id
471 3339 754 3404 dederant
801 3365 849 3403 a.
885 3348 1078 3415 11153
1129 3343 1235 3405 sed
1282 3343 1558 3406 felicitate
1607 3365 1900 3406 armorum
1939 3347 2073 3406 Ste-

163 3426 338 3511 phani
375 3426 562 3488 altero
599 3450 734 3489 mox
770 3450 921 3489 anno
959 3428 1241 3513 superati,
1263 3429 1688 3513 Spalatumque
1708 3428 2075 3513 Tragurium

164 3535 292 3573 cum
316 3511 571 3597 reliqua,
601 3525 840 3599 praeter
865 3511 1110 3576 Jadram
1130 3513 1474 3599 Arhamque
1507 3514 1742 3592 ditione,
1767 3537 2077 3601 recupera—
