2358 3874
942 369 983 443 §
1033 371 1124 427 19.

84 521 154 568 lle
201 533 469 568 mensura
515 519 887 578 facultatum,
938 518 1262 567 secundum
1321 532 1486 582 quam
1534 531 1718 581 eques
1764 517 1989 565 lorica—

448 611 569 663 tus,
618 619 720 667 per
764 604 1033 653 dominos
1079 610 1204 651 erat
1250 602 1628 652 statuendus,

246 766 317 824 ln
358 762 594 849 legibus
636 761 980 826 Colomanni
1025 761 1140 823 alia
1187 762 1324 825 item
1380 762 1514 824 usui
1559 760 1698 824 belli
1743 761 1992 847 egregie

79 860 215 934 apta
251 854 298 929 ¹)
340 848 681 911 constitutio
726 848 779 910 le
829 847 976 921 itur,
1026 859 1090 909 ut
1121 846 1384 910 Comites
1430 845 1724 928 (Domini)
1777 847 1992 932 quibus

76 945 167 996 tot
194 937 462 1020 tantique
493 945 695 996 essent
718 871 926 1008 coioni,
952 944 1016 994 ut
1042 932 1114 994 ab
1140 931 1234 994 his
1269 944 1325 994 et
1352 955 1566 1017 equum
1597 933 1991 995 exercitua-

76 1019 204 1081 lem
234 1031 296 1081 et
324 1042 544 1106 pensas
577 1030 811 1080 centum
841 1017 1107 1104 recipere
1144 1018 1431 1095 valerent,
1460 1024 1510 1097 2)
1554 1015 1594 1078 ii
1634 1017 1866 1104 quidem
1903 1019 1993 1081 lo-

79 1103 362 1181 ricatum,
393 1103 491 1166 alii
525 1102 740 1189 quibus
781 1102 1174 1188 quadraginta
1213 1103 1403 1165 solum
1437 1126 1660 1189 pensae
1699 1102 1771 1165 ab
1811 1102 1993 1166 homi-

75 1188 251 1251 nibus
282 1188 408 1250 suis
439 1189 837 1275 provenirent,
875 1188 1116 1253 militem
1147 1187 1371 1274 absque
1409 1188 1593 1251 lorica
1634 1189 1694 1250 in
1726 1211 1991 1276 campum

80 1273 330 1337 educere
369 1287 698 1337 teneantur.
736 1281 786 1354 2)

265 1463 302 1520 ι)
333 1459 440 1509 Lib.
480 1457 530 1509 1.
566 1476 610 1508 c.
646 1454 745 1509 [ιθ.

255 1547 301 1606 2)
333 1545 602 1610 Recollige‚
647 1560 770 1610 quae
800 1543 883 1594 lib.
918 1544 1002 1594 111.
1037 1545 1096 1595 de
1134 1543 1341 1609 pecunia
1380 1544 1657 1596 exercituali
1690 1542 1815 1594 dicta
1858 1551 1988 1594 sunt.

76 1631 146 1680 Ad
193 1630 349 1696 legem
391 1631 516 1679 hanc
565 1631 853 1680 Colomanni
900 1630 1235 1681 illustrandam
1284 1631 1397 1680 facit
1444 1631 1587 1680 etiam
1636 1632 1887 1681 literarum
1936 1631 1994 1679 (le

36 1711 39 1713 ’
80 1714 382 1765 libertatibus
413 1715 706 1780 Koyensium
745 1716 1078 1765 munificentia
1108 1716 1323 1781 Magistri
1357 1717 1603 1766 Theodori
1633 1733 1678 1766 a.
1713 1712 1871 1766 1273
1907 1717 1997 1765 de·-

80 1801 302 1865 scriptiS‚
346 1816 466 1866 quas
505 1801 705 1851 inferius
738 1801 1151 1861 enumerabimuS‚
1184 1801 1416 1866 pericope
1456 1818 1690 1867 sequens:
1728 1802 1895 1863 „Item
1937 1802 1995 1850 ab

81 1886 253 1934 eodem
285 1893 507 1949 tempore
549 1886 625 1954 (in
658 1887 957 1936 revolutione
990 1886 1146 1951 quarti
1178 1887 1289 1935 anni
1329 1902 1355 1935 a
1387 1887 1462 1936 dic
1505 1888 1579 1936 sui
1609 1885 1873 1954 adventus)
1905 1902 1998 1935 an-

78 1970 262 2020 nuatim
294 1969 535 2037 quaelibet
564 1971 754 2021 mansio
795 1972 1077 2021 denarios
1123 1972 1551 2031 exe1·cituale5‚
1599 1988 1749 2022 unum
1782 1973 1992 2038 pondus,

80 2055 127 2104 in
160 2056 283 2105 festo
317 2073 357 2108 S.
393 2055 587 2120 Georgii
619 2057 804 2106 solvere
836 2062 1114 2106 teneatur.“

667 2280 733 2339 V.
786 2279 885 2339 De
929 2301 1002 2340 re
1049 2252 1404 2341 tributaria.

945 2441 983 2518 ,ς
1030 2444 1126 2501 20.

854 2595 1215 2644 Generatim.

252 2748 396 2816 Rem
436 2750 532 2814 ille
567 2751 939 2819 tributariam
979 2756 1316 2836 (collectas)
1360 2749 1428 2817 ad
1464 2774 1566 2817 aes
1606 2766 1874 2841 paratum
1904 2780 1995 2820 re-

81 2834 266 2913 duxit,
303 2837 559 2924 fixisque
601 2862 706 2925 pro
751 2861 981 2902 summa
1018 2841 1313 2924 aequitate
1375 2864 1483 2902 sua
1526 2841 1761 2926 legibus
1794 2842 1995 2905 defini-

80 2921 185 2997 vit,
225 2923 437 3007 quibus
476 2923 611 3010 plus
647 2924 918 3010 irrogare
956 2949 1064 2988 nec
1101 2924 1248 3013 ipse,
1284 2925 1496 2988 nedum
1525 2939 1833 2990 exactores
1860 2952 1997 3015 pos·-

82 3017 234 3067 sent.
279 3007 567 3094 Hospites
605 3012 731 3094 jam
763 3012 1015 3084 accolas,
1050 3012 1122 3074 ab
1155 3008 1507 3097 alienigenis
1552 3012 1824 3075 distinxit
1858 3037 1996 3100 pru-

81 3090 427 3154 dentissime
462 3099 536 3172 ¹),
593 3106 652 3156 et
701 3095 786 3158 uti
826 3095 935 3163 hos
980 3097 1162 3184 recipi
1210 3098 1338 3161 sine
1382 3097 1738 3184 fidejussore
1788 3098 1994 3174 vetuit,

81 3175 166 3239 ita
202 3177 338 3240 illos
376 3200 411 3239 a
447 3176 757 3242 medietate
793 3181 1162 3245 substantiae
1211 3203 1373 3259 suae,
1426 3184 1484 3244 in
1523 3195 1747 3268 partem
1795 3183 1994 3245 oneris

81 3262 361 3347 pecuniae
393 3263 766 3326 exercitualis
796 3267 1028 3329 vocavit
1043 3275 1110 3346 2).
1137 3270 1341 3353 Atque
1366 3266 1522 3329 hunc
1556 3268 1652 3329 ille
1681 3268 1911 3331 modum
1936 3268 1994 3330 in

268 3437 307 3494 ¹)
340 3435 481 3484 Conf.
516 3435 549 3484 l.
576 3435 613 3485 I.
649 3452 692 3485 c.
728 3427 783 3485 [ι.
819 3449 928 3486 cum
962 3454 1004 3485 c.
1043 3433 1119 3486 35
1153 3444 1200 3485 et
1235 3437 1329 3487 77.

261 3522 307 3579 2)
339 3520 419 3569 cit.
455 3536 562 3585 cap.
599 3513 694 3569 35.

158 3615 368 3661 RARTAL
399 3617 444 3661 Τ.
465 3617 515 3660 ll.
1581 3603 1611 3655 Εἰ
