2358 3874
315 223 439 283 196

313 372 439 423 anal.
475 370 621 435 Scep.
657 384 705 433 p.
737 362 877 426 376,
909 366 959 413 in
991 364 1049 413 iis
1081 364 1215 422 item,
1249 377 1371 427 quas
1402 361 1679 425 Kemenyiis
1710 362 1852 424 (ibid.
1885 377 1936 427 p.
1979 356 2122 423 135)
2154 360 2244 412 ‹le-

314 457 452 507 derat
483 468 682 519 „super
721 465 845 516 quc,
894 449 985 509 ait,
1036 446 1195 497 eidem
1226 453 1454 496 nostrum
1485 445 1864 510 privilegium
1911 446 2242 503 consen-emm,

316 554 467 605 quum
506 540 563 588 in
612 538 811 586 sutura
865 531 1338 597 congregatione
1383 536 1597 580 nostra
1643 530 1914 607 generali
1957 535 2245 595 praesentes

313 639 402 688 per
437 622 647 674 eundem
681 618 923 670 Comitem
955 616 1099 666 nobis
1130 614 1310 665 suerint
1341 614 1645 665 exhibitae.“

1188 893 1231 971 g
1276 896 1377 952 22.

312 1050 474 1100 Inter
518 1063 670 1114 quos
718 1046 971 1098 Carolus
1016 1044 1350 1106 MartelluS,
1407 1042 1564 1110 quod
1608 1041 1971 1093 Pontificum
2017 1041 2274 1092 Roma-¹

657 1147 865 1181 norum
910 1131 1213 1180 niteretur
1257 1143 1391 1194 ope,
1438 1127 1918 1177 molestissimus

481 1293 673 1352 Erant
720 1287 783 1350 hi
821 1286 1057 1351 omnino
1103 1286 1457 1372 complures,
1501 1289 1582 1349 Et
1621 1282 1973 1370 Rudolphus
2015 1283 2249 1370 quidem

309 1379 646 1462 Imperator
672 1385 956 1449 testatus,
989 1394 1187 1435 coram
1212 1395 1280 1434 se
1303 1369 1590 1447 adfuisse,
1621 1368 1760 1431 dum
1788 1370 1939 1434 Bela
1965 1372 2078 1432 lv.
2109 1369 2250 1433 soli-

311 1461 494 1523 citata
524 1470 732 1521 contra
763 1461 1028 1520 Tataros
1066 1454 1361 1518 Friderici
1393 1453 1785 1541 Imperatoris
1816 1475 1955 1540 ope,
1993 1477 2250 1538 regnum

313 1543 626 1606 clientelae
654 1540 887 1627 imperii
919 1539 1262 1604 Germanici
1293 1539 1527 1615 obtulit,
1558 1538 1673 1601 hoc
1695 1537 1817 1601 filio
1846 1537 2107 1601 Alberto
2130 1538 2250 1625 pri-

310 1651 497 1704 mum,
535 1639 676 1712 post
703 1625 861 1711 Regi
891 1626 1068 1688 etiam
1107 1623 1467 1687 Bohaemiae
1502 1623 1565 1684 in
1595 1622 1834 1685 feudum
1866 1622 2139 1699 contulit,
2178 1645 2251 1685 ea

311 1712 542 1774 ad‘ecta
570 1712 736 1796 lege,
767 1723 835 1773 ut
864 1709 1181 1772 Danubius
1212 1707 1372 1770 inter
1401 1719 1691 1793 utrosque
1720 1705 1890 1770 limes
1922 1719 2106 1770 esset.
2135 1706 2250 1770 Ni-

310 1736 516 1859 colaus
546 1818 689 1858 vero
720 1797 831 1857 IV.
865 1793 1148 1857 Pontifex
1178 1791 1252 1855 ad
1281 1792 1700 1877 Apostolicam
1729 1790 1840 1854 hoc
1869 1790 2070 1854 sedem
2101 1792 2249 1854 mul-

309 1880 569 1943 tifariam
606 1879 907 1965 pertinere
940 1877 1238 1952 obtendit3
1266 1888 1326 1940 et
1356 1877 1513 1941 datis
1534 1877 1608 1940 ad
1627 1874 2006 1963 Rudolphum
2034 1876 2248 1954 literis,

309 1987 384 2026 ne
406 1968 509 2050 jus
540 1963 654 2026 hoc
683 1963 1018 2039 invaderet,
1059 1962 1318 2039 monuit,
1359 1961 1657 2048 hujusque
1687 1961 2082 2024 conservandi
2113 1984 2249 2024 cau—

308 2072 379 2111 sa
407 2053 711 2133 Legatum
749 2047 811 2109 in
849 2048 1228 2133 Hungariam
1258 2046 1449 2124 misit,
1492 2070 1625 2109 cum
1662 2045 1854 2109 literis
1892 2046 1966 2109 ad
2003 2046 2249 2109 Praela-

308 2146 405 2196 tos
447 2145 507 2196 et
549 2133 811 2195 Nobiles
851 2133 1131 2195 exaratis.
1183 2133 1452 2194 Conatus
1494 2130 1792 2216 Rudolphi
1839 2131 2001 2193 nullo
2041 2153 2249 2194 susce--

307 2231 445 2303 ptos
466 2220 625 2302 jure,
657 2217 813 2279 bello
846 2217 1003 2302 quod
1033 2216 1306 2279 Comitiis
1332 2215 1791 2301 inauguralibus
1820 2214 2106 2278 Andreae
2138 2218 2248 2277 llI.

309 2315 518 2366 contra
554 2302 876 2364 Albertum
915 2301 1217 2364 decretum
1260 2313 1381 2377 est,
1419 2301 1659 2362 fortuna
1688 2322 1922 2385 quoque
1960 2298 2247 2363 destituit.

307 2389 441 2447 Hac
475 2387 665 2470 igitur
710 2398 880 2471 parte
927 2409 1034 2471 per
1064 2385 1303 2448 tabulas
1333 2384 1497 2471 pacis
1530 2407 1580 2446 a.
1622 2392 1786 2448 1291
1824 2383 2127 2447 confectae
2156 2397 2249 2447 tu-

307 2483 439 2547 tuS,
478 2469 762 2533 Andreas
801 2470 1109 2554 negotium
1150 2493 1282 2531 cum
1324 2469 1454 2532 solo
1474 2472 1603 2554 jam
1644 2467 1962 2546 Pontifice,
1995 2468 2102 2532 sed
2133 2467 2249 2532 hoc

307 2556 488 2639 longe
532 2554 785 2616 maxime
833 2554 1084 2616 arduum
1127 2552 1352 2616 habuit.
1400 2555 1552 2638 Ejus
1595 2553 1750 2616 enim
1788 2554 1928 2615 nixa
1964 2553 2245 2639 auspiciis

302 2639 504 2701 Maria
522 2638 816 2725 Stephani
827 2641 906 2701 V.
934 2639 1076 2715 filia,
1109 2639 1327 2701 Carolo
1359 2636 1569 2701 claudo
1593 2640 1749 2722 Regi
1776 2636 2017 2701 Siciliae
2039 2650 2244 2724 nupta,

306 2723 498 2785 literis
530 2746 582 2786 a.
610 2731 776 2786 1292
814 2722 1172 2809 conscriptis
1205 2744 1461 2808 regnum
1493 2721 1850 2806 Hungariae
1895 2721 2068 2799 „sive
2109 2743 2241 2783 suc-

308 2807 623 2883 cessioniS,
652 2806 780 2870 sive
801 2806 1269 2883 consuetudinis,
1299 2808 1426 2869 sive
1456 2805 1784 2880 electionis,
1808 2805 1935 2867 sive
1965 2827 2243 2890 quocum-

304 2913 419 2976 que
451 2891 565 2953 alio
585 2894 725 2975 jure
748 2892 842 2952 vel
871 2891 1044 2954 modo
1069 2891 1125 2954 id
1152 2891 1268 2953 sibi
1292 2898 1699 2976 competeret“
1723 2890 1941 2952 Carolo
1958 2890 2242 2952 Martello

302 2973 493 3060 primo
533 2974 739 3059 genito
779 2974 1038 3038 donavit.
1084 2974 1368 3038 Andreas
1406 2974 1607 3058 itaque
1645 2973 1786 3035 licet
1832 2972 2151 3036 celebratis
2190 2995 2243 3036 a.

303 3065 469 3121 1291
521 3058 676 3144 apud
722 3060 1182 3142 Transylvanos
1237 3081 1470 3144 quoque
1528 3057 1831 3134 Comitiis,
1881 3057 2241 3143 juribusque

300 3142 630 3217 Nobilium,
663 3145 996 3218 Saxonum,
1030 3142 1367 3217 Siculorum
1399 3155 1458 3205 et
1491 3141 1821 3204 Olahorum
1853 3141 2240 3219 confirmatiS,

301 3225 446 3287 nihil
478 3250 596 3289 non
628 3241 865 3312 ageret,
909 3241 971 3289 ut
1003 3228 1111 3290 hos
1144 3226 1378 3325 quidem
1408 3227 1610 3312 legum
1643 3225 1714 3289 de
1743 3225 1840 3288 his
1872 3226 2241 3290 conditarum

298 3310 539 3387 tabulis,
573 3335 677 3374 eos
702 3335 864 3389 ver0,
898 3312 998 3396 qui
1022 3312 1347 3375 marltimas
1379 3309 1716 3397 provincias
1754 3310 2101 3387 incolerent,
2131 3310 2239 3371 Di-

300 3395 656 3476 plomatibus
699 3396 831 3459 aliis
864 3397 1276 3483 obstringeret
1306 3395 1448 3470 sibi3
1497 3393 1608 3458 hoc
1646 3407 1874 3471 tamen,
1916 3417 2088 3480 quem
2136 3416 2236 3456 su-
