2358 3874
1919 218 2134 279 XXXV

195 370 248 412 et
288 377 390 411 nec
427 360 550 427 ipso
589 358 895 410 Laurencio
951 375 1053 409 nec
1113 356 1299 425 aliquo
1353 357 1462 408 alio
1502 349 1914 409 contradicente
1954 368 2126 426 super

196 447 401 499 eisdem
459 462 637 498 nouas
687 454 862 497 metas
922 445 1187 514 erigendo
1254 445 1584 496 statuissent
1641 444 1907 511 predictis
1963 444 2132 496 Petro

194 533 444 585 Abraam
471 531 666 584 Comiti
693 532 905 584 Jacobo
942 540 996 582 et
1022 531 1310 583 Herbordo
1351 545 1419 582 ac
1459 530 1582 599 alys
1609 547 1777 599 socys
1812 533 2132 596 eorundem,

195 618 405 672 Cursus
445 629 628 672 autem
668 628 938 670 metarum
978 619 1224 670 eiusdem
1265 627 1432 682 terre9
1472 618 1664 685 Incipit
1693 635 1727 668 a
1753 627 1914 686 parte
1952 618 2133 670 orien-

194 706 308 769 tali,
348 725 381 774 a
421 708 658 775 quodam
685 714 871 757 monte
897 705 1124 757 Kurbed
1163 713 1363 756 vocato
1393 712 1446 756 et
1473 706 1754 756 descendit
1778 705 1932 758 iuxta
1965 716 2132 758 vnum

192 803 355 845 vetus
394 793 664 844 fossatum
720 801 773 843 et
823 792 976 843 vadit
1016 793 1085 842 ad
1125 809 1291 842 vnum
1341 791 1566 842 fluuium
1619 801 1674 842 et
1710 793 1836 843 inde
1877 793 2132 860 procedit

194 881 264 932 ad
302 879 485 942 album
524 878 684 930 Holm
734 888 788 930 et
825 879 907 929 sic
947 878 1122 929 tendit
1170 880 1241 929 ad
1280 878 1591 930 Danubium
1638 888 1841 931 versus
1882 879 2132 931 occiden-

196 976 310 1017 tem
365 974 421 1016 et
457 966 532 1017 ibi
570 966 924 1028 terminatur,
979 982 1152 1033 super
1191 966 1366 1017 tribus
1406 967 1564 1016 metis
1614 967 1883 1035 antiquiS,
1931 962 2136 1018 Datum

191 1052 244 1104 in
283 1070 489 1122 magna
525 1053 712 1104 Insula
751 1053 896 1121 apud
939 1060 1192 1103 sanctum
1221 1051 1521 1104 Martinum
1568 1053 1620 1103 in
1663 1055 1907 1105 crastino
1945 1055 2135 1106 inuen-

194 1139 369 1191 cionis
410 1150 602 1191 sancte
635 1139 860 1203 CruciS,
911 1141 969 1191 In
1011 1140 1262 1207 predicta
1300 1155 1436 1193 vero
1477 1142 1724 1192 secunda
1763 1141 1947 1193 littera
1988 1142 2131 1192 eius—

193 1227 314 1278 dem
355 1226 555 1278 domini
593 1227 767 1278 nostri
805 1228 959 1297 regis
986 1226 1252 1278 Ludouici
1291 1227 1542 1278 similite-r
1581 1236 1837 1295 patenter
1877 1237 2134 1281 emanata

193 1328 465 1382 expresse
504 1314 823 1366 videramus
877 1314 1179 1375 contineri‚
1241 1314 1402 1373 Quod
1459 1316 1580 1382 ipse
1635 1316 1888 1367 dominus
1943 1325 2135 1368 noster

189 1399 319 1452 Rex
358 1400 708 1453 fidelitatibus
749 1412 804 1453 et
841 1402 1095 1470 servicys
1134 1401 1414 1453 Benedicti
1460 1401 1554 1471 fily
1595 1401 1830 1454 condam
1869 1392 2134 1474 Magistri

134 1540 142 1544 ,
188 1483 403 1550 Lachk,
442 1486 587 1539 Aule
626 1502 726 1540 sue
754 1484 984 1540 Juuenis
1024 1497 1078 1539 et
1117 1487 1352 1540 fratrum
1395 1506 1621 1540 suorum
1661 1507 1765 1557 per
1806 1491 1962 1557 ipsos
1992 1490 2135 1543 locis

195 1582 248 1626 et
286 1576 628 1643 temporibus
669 1584 1012 1644 opportusue
1064 1576 1222 1645 regie
1261 1577 1540 1627 maiestati
1589 1593 1712 1627 cum
1762 1593 2016 1645 sumpmo
2057 1579 2134 1629 di·

189 1661 428 1732 ligencie
466 1663 644 1714 studio
682 1663 886 1714 uirtute
927 1662 1128 1713 eximia
1168 1671 1223 1713 et
1248 1663 1577 1714 indesinenti
1609 1663 1975 1716 sollicitudine
2001 1675 2132 1716 eon-

189 1750 338 1800 tinue
377 1749 539 1801 lateri
588 1766 689 1801 suo
729 1748 888 1820 regio
930 1749 1252 1801 adherendo
1299 1748 1534 1802 fideliter
1571 1751 1897 1819 sincereque
1948 1759 2004 1803 et
2041 1753 2133 1803 de-

190 1844 319 1888 uote
379 1836 639 1889 exhibitis
699 1846 752 1888 et
783 1837 1049 1905 impensis
1098 1837 1391 1889 recensitis
1430 1847 1486 1888 et
1536 1838 1591 1889 in
1651 1837 1971 1889 memoriam
2030 1854 2131 1890 sue

191 1922 546 1976 Celsitudinis
585 1923 847 1987 reductiS,
888 1926 1162 1993 quandam
1197 1924 1616 1992 possessionem
1646 1924 1862 1976 Zantou
1895 1924 2006 1977 alio
2033 1940 2131 1977 no*

190 2011 334 2062 mine
372 2010 687 2062 Isouteleke
726 2021 1101 2079 nuncupatam
1140 2012 1195 2063 in
1224 2013 1368 2063 dicto
1402 2010 1679 2063 Comitatu
1709 2011 1940 2063 Albensi
1977 2012 2131 2064 habia

190 2106 331 2162 tam,
372 2100 518 2166 apud
559 2100 826 2167 quosdam
865 2099 1078 2150 Jurium
1127 2112 1352 2163 suorum
1403 2099 1676 2169 regalium
1737 2092 2016 2151 celatores
2070 2109 2131 2153 vt

191 2184 295 2237 sibi
336 2185 537 2236 dictum
575 2184 774 2238 fuisset
812 2187 1140 2255 occupative
1182 2188 1531 2250 existentem,
1572 2204 1698 2238 cum
1738 2186 1991 2238 omnibus
2015 2187 2134 2239 suis

190 2271 514 2323 Vtilitatibus
554 2281 610 2322 et
647 2273 1002 2341 pertinencys
1043 2273 1320 2325 vniversis
1360 2275 1462 2324 sub
1501 2274 1862 2341 omnibusque
1901 2273 2133 2343 hysdem

193 2358 354 2409 metis
409 2357 667 2410 limitibus
727 2369 781 2410 et
818 2360 1066 2410 terminis
1124 2360 1320 2428 quibus
1373 2361 1566 2411 eadem
1619 2377 1796 2429 usque
1849 2368 1981 2412 tunc
2032 2375 2136 2429 per

192 2445 410 2513 priores
447 2462 582 2497 suos
620 2462 987 2513 possessores
1027 2446 1218 2498 habita
1246 2447 1566 2499 exstitisset·
1593 2456 1648 2499 et
1678 2458 1953 2515 possessa
1986 2466 2130 2500 noue

193 2533 513 2585 donacionis
551 2550 651 2584 sue
692 2533 847 2585 titulo
890 2534 1134 2585 dedisset
1173 2536 1437 2585 donasset
1478 2543 1531 2585 et
1570 2533 1911 2597 contulisset,
1946 2534 2135 2603 prefa÷

195 2620 266 2670 tis
301 2619 635 2683 Benedict0,
682 2608 899 2672 necnon
939 2620 1172 2672 Nicolao
1226 2620 1337 2671 filio
1377 2619 1573 2671 Lachk
1612 2638 1680 2672 ac
1718 2619 1981 2672 Ladislao
2021 2621 2141 2673 filio·

192 2705 372 2757 Kolus
413 2724 709 2775 eorumque
752 2707 1048 2759 heredibus
1103 2716 1156 2758 et
1205 2707 1626 2774 posteritatibus
1675 2700 1947 2759 vniversis
2000 2707 2133 2759 Jure

194 2802 468 2861 perpetuo
509 2794 905 2861 possidendam
945 2795 1236 2845 tenendam
1267 2794 1477 2861 pariter
1517 2803 1570 2845 et
1595 2793 1932 2868 habendam,
1963 2793 2134 2847 saluo

193 2879 326 2931 Jure
366 2880 566 2943 alieno,
605 2880 692 2931 Ex
732 2882 874 2932 serie
915 2878 1183 2949 siquidem
1224 2881 1471 2948 predicte
1510 2881 1692 2932 littere
1732 2880 1984 2932 videlicet
2035 2899 2130 2934 an-

193 2967 369 3018 notati
407 2967 608 3018 domini
646 2968 885 3019 Emerici
938 2968 1163 3035 palatini
1213 2965 1571 3019 affirmatorie
1623 2966 1990 3020 edocebamur
2029 2970 2132 3021 sub

194 3053 305 3104 hac
345 3051 543 3116 forma,
583 3053 743 3111 Quod
769 3055 1088 3107 vicecomes
1116 3048 1339 3107 Judices
1371 3055 1632 3107 nobilium
1661 3065 1715 3106 et
1740 3055 1916 3106 Jurati
1944 3070 2131 3106 asses-

195 3156 356 3191 sores
393 3140 448 3191 in
486 3140 744 3192 iamdicta
771 3139 1234 3211 Congregacione
1274 3142 1541 3212 generali,
1581 3158 1683 3208 per
1720 3140 1996 3208 prefatum
2038 3144 2131 3193 do—

195 3227 399 3278 minum
437 3227 752 3279 Emericum
790 3227 1096 3295 palatinum
1133 3229 1384 3296 requisiti
1433 3230 1502 3279 ad
1557 3227 1718 3278 fidem
1769 3242 1961 3298 eorum
2008 3225 2131 3279 Deo

198 3312 438 3364 debitam
479 3312 906 3383 fidelitatemque
947 3314 1164 3365 domino
1201 3322 1394 3365 nostro
1436 3313 1556 3383 regi
1598 3322 1651 3365 et
1677 3326 1973 3365 suosacro
1998 3316 2130 3383 dya-

198 3399 400 3451 demati
440 3402 882 3453 conservandam
921 3410 1070 3452 tacto
1113 3399 1382 3453 dominice
1429 3401 1611 3453 crucis
1648 3401 1802 3471 ligno
1841 3402 2131 3469 prestitam

198 3485 384 3536 taliter
420 3485 795 3540 affirmassent
834 3490 978 3556 quod
1004 3490 1308 3556 predictam
1351 3489 1765 3557 possessionem
1801 3485 1902 3539 seu
1928 3497 2133 3540 terram

364 3566 368 3570 '
1674 3569 1708 3616 C
1731 3579 1762 3620 2
