2358 3874
2013 167 2060 218 V
2068 169 2110 219 11

174 294 332 345 Unde
371 293 531 345 iidem
559 293 803 346 Thomas
826 293 1009 346 Guthe
1048 294 1286 364 Heyder,
1326 293 1568 359 Condra,
1607 295 1839 361 Deman9
1862 299 2110 368 Zoyzlou

174 390 228 432 et
249 380 494 432 Thomas
534 380 676 434 filius
697 381 907 433 Milvan
948 381 1295 450 suplicarunt
1333 382 1512 445 nobiS,
1551 390 1611 435 ut
1640 387 1943 437 secundum
1982 405 2110 439 con-

172 468 450 520 tinentiam
486 467 773 520 literarum
813 469 1108 538 Episcopi,
1167 479 1221 521 et
1260 469 1499 522 Palatini
1536 472 1947 539 praedictorum
2000 483 2111 527 sta-

173 563 285 607 tum
326 558 626 608 eorundem
659 565 853 610 nostro
894 558 1252 628 dignaremur
1283 558 1580 629 privilegio
1609 558 1960 612 confirmare.
1998 561 2117 614 Nos

168 642 337 712 igitur
382 643 516 696 illud
574 644 875 712 praecipue
924 646 1305 709 attendenteS,
1370 646 1518 715 quod
1577 647 1830 699 custodia
1880 648 2112 700 turrium

168 728 352 782 Castri
392 731 769 796 PosoniensiS,
811 733 882 784 ad
921 749 1156 801 quarum
1199 733 1702 798 conservationem,
1740 735 1850 803 ipsi
1891 736 2036 788 sicut
2057 746 2111 788 et

169 815 263 870 alii
312 817 408 871 filii
464 818 836 889 Jobagionum
890 817 1081 871 Sancti
1122 819 1300 890 Regis
1347 822 1416 872 de
1455 818 1733 873 Comitatu
1785 822 2115 876 Posoniensi

169 913 297 957 sunt
335 906 616 973 deputati,
656 906 758 958 toti
794 923 971 976 regno
1011 915 1206 959 nostro
1245 908 1318 959 sit
1355 907 1490 960 utile
1527 926 1601 961 ac
1640 910 2022 963 necessarium
2060 912 2114 963 in

168 993 454 1060 praesenti
491 1001 546 1046 et
582 994 637 1045 in
677 1000 967 1061 posterum
1008 992 1360 1062 profuturum
1392 997 1459 1061 ⁷).
1497 995 1576 1060 ld,
1616 998 1763 1066 quod
1801 1014 1905 1066 per
1935 999 2114 1052 dictos

169 1079 388 1153 Fideles
426 1090 651 1133 nostros
680 1081 835 1150 juste
873 1089 927 1133 et
965 1080 1212 1151 legitime
1253 1090 1339 1134 est
1374 1082 1683 1137 ordinatum
1725 1086 2114 1152 praesentibus

169 1166 576 1221 confirmamus·
626 1169 684 1221 In
724 1169 882 1238 cujus
935 1169 1016 1221 rei
1056 1170 1377 1222 memoriam
1426 1178 1481 1222 et
1518 1180 1851 1239 perpetuam
1889 1171 2112 1225 firmita-

170 1264 278 1306 tem
317 1265 649 1323 praesentes
701 1256 900 1308 literas
941 1257 1192 1309 dedimus
1232 1257 1467 1326 duplicis
1518 1259 1696 1310 nostri
1734 1259 1905 1330 sigilli
1942 1261 2114 1312 muni·

170 1343 314 1395 mine
353 1345 668 1397 roboratas.
723 1344 928 1396 Datum
980 1362 1083 1413 per
1132 1361 1328 1396 manus
1368 1345 1552 1397 dilecti
1601 1354 1657 1398 et
1705 1345 1883 1399 fidelis
1934 1348 2112 1400 nostri

169 1429 434 1500 Magistri
474 1430 772 1502 Smaragdxi
812 1432 1075 1485 Albensis
1116 1433 1432 1501 Praepositi
1470 1433 1650 1486 Aulae
1688 1443 1913 1487 nostrae
1952 1435 2116 1487 Vice-

169 1517 490 1571 cancellarii
530 1518 693 1572 Anno
731 1520 952 1588 Domini
1003 1519 1294 1571 millesimo
1343 1521 1720 1573 ducentesimo
1773 1522 2113 1592 quinquage-

169 1606 308 1658 simo
348 1614 530 1658 sexto·
571 1606 830 1665 Secundo
869 1607 947 1660 Id.
987 1606 1283 1660 Decembr.
1323 1608 1486 1678 regni
1525 1615 1710 1660 autem
1750 1609 1926 1660 nostri
1967 1625 2112 1663 anno

171 1693 434 1747 vicesimo
473 1696 717 1747 secundo
741 1696 809 1761 ⁸).

178 1846 200 1854 u..

324 1961 368 2022 ⁷)
398 1962 683 2008 Praeclaram
711 1962 800 2007 hoc
826 1960 962 2007 Belac
991 1963 1060 2007 lV.
1091 1963 1368 2008 voluntatem
1397 1969 1618 2016 testatur,
1650 1963 1774 2022 quod
1802 1963 2119 2007 conservatio—

173 2048 278 2080 nem
304 2036 496 2080 turrium
525 2036 659 2081 castri
687 2035 984 2081 Posoniensis
1022 2036 1154 2088 „toti
1192 2050 1336 2095 regno
1378 2050 1461 2081 suo
1490 2036 1646 2081 utilem
1688 2041 1735 2081 et
1761 2035 2067 2080 necessariam
2086 2041 2115 2059 “

171 2114 312 2162 ratus,
343 2108 662 2168 obligationem
693 2108 939 2161 militandi,
972 2123 1086 2167 quac
1115 2109 1179 2154 uti
1206 2109 1340 2163 alios,
1386 2109 1451 2154 sic
1478 2123 1613 2169 quam
1651 2109 1841 2153 maxime
1879 2109 1962 2152 hos
1997 2108 2114 2152 filios

170 2180 505 2240 Jobbagionum
533 2197 570 2226 s.
599 2182 735 2241 Regis
764 2181 817 2226 ab
846 2181 1001 2226 ultima
1028 2181 1221 2227 instituti
1257 2180 1391 2240 hujus
1420 2182 1594 2241 origine
1623 2181 1854 2233 manebat,
1895 2195 1997 2225 cuin
2024 2181 2113 2225 hoc

174 2261 453 2299 commutare
482 2255 631 2300 officio
660 2255 950 2299 constituerit
976 2254 1006 2298 l.
1037 2255 1105 2298 IX.
1135 2251 1262 2313 §16.
1294 2254 1385 2300 Sed
1413 2255 1467 2300 ab
1496 2255 1584 2299 hoc
1613 2253 1711 2313 ejus
1739 2254 1963 2306 instituto,
1992 2253 2115 2298 velut

175 2327 296 2385 quod
315 2327 444 2372 facile
466 2342 550 2387 pro
573 2327 900 2372 conditionaria
922 2327 1065 2386 accipi
1088 2328 1304 2372 servitute
1331 2334 1505 2387 posset,
1528 2341 1621 2371 non
1642 2327 1784 2372 multo
1807 2333 1913 2386 post
1934 2326 2115 2371 disces—

175 2414 300 2454 sum3
333 2414 607 2459 semperque
634 2400 809 2460 posteri
833 2399 1164 2459 Jobbagionum
1205 2415 1243 2445 s.
1273 2401 1406 2459 Regis
1443 2406 1619 2460 partem
1658 2400 1947 2459 praecipuam
1976 2412 2115 2444 exer—

175 2473 439 2518 cituantium
477 2473 702 2518 Nobilium
742 2473 997 2533 provinciae
1046 2474 1342 2518 Posoniensis
1395 2473 1753 2518 constituebant.
1805 2473 1868 2517 Ex
1902 2472 2004 2516 filiis
2046 2471 2116 2515 his

173 2545 507 2604 Johhagionum
536 2561 574 2591 S.
602 2546 737 2604 Regis
767 2546 822 2590 de
852 2546 964 2590 Guta
992 2545 1158 2590 Karcsa
1186 2546 1437 2591 industriae
1464 2546 1598 2591 laude
1628 2546 1813 2590 Szanicz
1844 2544 2058 2605 (Zoytlou
2071 2541 2115 2603 Ῠ)

177 2619 445 2672 eminuisse,
491 2625 538 2663 et
575 2619 641 2663 uti
667 2619 873 2663 Ethuruh
902 2633 1020 2663 anno
1053 2613 1190 2663 1253
1222 2634 1246 2664 a
1273 2619 1380 2663 Bela
1407 2619 1476 2663 IV.
1505 2619 1695 2663 vicinam
1723 2617 2005 2662 haeredio
2034 2629 2118 2661 suo

175 2697 346 2736 terram
375 2691 513 2736 castri
539 2691 835 2736 Posoniensis
865 2705 967 2736 cum
997 2691 1260 2736 conditione
1288 2692 1460 2736 adnexa
1489 2691 1740 2736 obtinuisse
1768 2685 1959 2742 videtur,
1989 2688 2120 2733 vide—

176 2772 250 2808 tur
275 2766 486 2823 inquam;
517 2778 604 2809 nec
631 2765 766 2816 enim,
799 2764 883 2809 nisi
912 2777 1026 2823 quae
1056 2770 1179 2809 certa
1209 2770 1328 2816 sunt,
1360 2764 1583 2810 affirmare
1612 2763 1852 2808 consilium
1881 2768 1966 2807 est.

330 2878 373 2938 8)
402 2878 633 2924 Adnexum
662 2879 803 2925 literis
832 2879 900 2923 his
930 2878 1124 2938 sigillum
1165 2877 1331 2939 duplex
1358 2892 1411 2924 ex
1450 2893 1563 2924 zona
1602 2878 1737 2924 rubra
1767 2884 1813 2922 et
1848 2875 1973 2922 viridi
2000 2890 2120 2935 pen—

178 2950 290 2995 dens
319 2964 375 2995 ex
399 2958 526 3010 parte
564 2967 655 2998 una
687 2952 857 3011 Regem
897 2953 940 2997 in
983 2951 1098 2996 solio
1138 2950 1406 3015 sedentem,
1450 2951 1590 2997 altera
1628 2964 1811 2996 crucem
1846 2948 2118 3009 duplicatam

180 3022 375 3068 exhibet.
869 3022 874 3025 ’
