2358 3874
313 173 410 226 XL

312 305 609 356 earundem
651 311 922 354 statueret
964 302 1119 367 ipsas
1161 318 1285 350 cum
1326 301 1613 352 wniuersis
1670 304 1786 353 suis
1827 301 2150 357 vtilitatibus
2202 310 2257 354 et

311 390 665 459 pertinenciis
694 390 993 440 earundem
1037 387 1397 443 existentibus
1428 387 1534 454 ipsi
1566 387 1843 458 'Magistro
1876 388 2109 441 Nicolao
2141 387 2253 440 filio

314 481 381 529 (16
407 477 603 529 Lachk
645 487 699 528 et
737 476 852 526 suis
891 474 1192 526 heredibus
1232 474 1366 526 Jure
1408 492 1516 543 quo
1557 475 1661 526 sibi
1700 493 1768 526 ex
1796 477 2069 543 premisso
2095 475 2269 538 titulo·

313 566 733 617 dinoscerentur
783 563 1062 635 pertinere
1115 570 1386 634 perpetuo
1438 562 1806 629 possidendas
1855 562 2256 616 Contraccione

314 653 684 720 predictorum
717 649 992 702 Valentini
1031 647 1303 700 Johannis
1344 657 1399 700 et
1437 648 1666 700 alterius
1703 648 1973 702 Johannis
2013 667 2081 702 ac
2115 650 2250 703 alio·

311 755 431 789 rum
491 735 858 806 quorumlibet
909 737 1311 803 premissorum
1369 754 1477 788 non
1532 738 1822 801 obstante,
1893 737 1965 788 Et
2018 737 2255 806 posthec

313 827 488 893 ipsius
527 823 977 893 possessionarie
1006 823 1332 875 statucionis
1364 825 1561 875 seriem
1591 825 1661 876 ad
1689 832 1921 876 octauas
1951 821 2079 879 festi
2111 825 2257 880 beati

313 914 541 983 Georgy
566 910 832 979 Martyris
872 910 1121 979 proxime
1163 918 1428 963 venturas
1466 911 1626 963 nobis
1662 910 2024 964 amicabiliter-
2054 911 2254 964 rescri‚

313 1003 464 1053 beret
498 997 808 1066 Capitulum
851 996 1094 1049 Albense
1135 997 1489 1061 antedictum,
1530 997 1741 1057 Quibus
1782 999 2001 1068 quidem
2041 999 2254 1052 octauis

310 1087 437 1139 festi
476 1085 623 1138 beati
663 1083 895 1154 Georgy
924 1083 1192 1153 Martyris
1234 1085 1652 1149 aduenientibus
1696 1085 1947 1154 prefatus
1980 1085 2256 1157 Magister

310 1175 574 1236 Nicolaus
627 1172 770 1225 filius
810 1171 1006 1223 Lachk
1063 1171 1437 1239 personaliter
1487 1173 1542 1224 in
1595 1182 1844 1226 nostram
1897 1174 2253 1244 exsurgendo

234 1252 236 1254 V
310 1261 661 1332 presenciam
718 1261 989 1328 quasdam
1040 1258 1235 1311 literas
1275 1260 1526 1312 annotati
1566 1259 1807 1329 Capituli
1846 1259 2111 1314 Albensis
2161 1277 2254 1312 su·

309 1369 414 1420 per
465 1348 752 1418 premissis
805 1347 1111 1416 rescriptas
1177 1348 1337 1400 nobis
1396 1348 1745 1416 presentauit
1801 1347 1948 1400 hunc
2006 1357 2255 1400 tenorem

311 1439 687 1501 continentes9
727 1434 1028 1506 Magnifico
1070 1435 1189 1487 viro
1231 1435 1450 1487 domino
1490 1435 1724 1488 Nicolao
1780 1438 1847 1488 de
1889 1435 2044 1489 Gara
2092 1435 2255 1507 regni

308 1526 593 1596 Hungarie
641 1524 888 1593 palatino
941 1532 995 1575 et
1033 1522 1213 1575 Judici
1252 1523 1626 1576 Comanorum
1676 1523 1872 1576 Amico
1925 1540 2117 1575 eorum
2154 1521 2254 1582 ho,

307 1615 557 1666 norando
601 1610 915 1680 Capitulum
958 1611 1192 1663 ecclesie
1221 1611 1482 1663 Albensis
1525 1611 1832 1662 amiciciam
1872 1618 2128 1679 paratam
2162 1611 2255 1662 de-

308 1700 422 1752 bito
462 1717 588 1751 cum
625 1699 870 1763 honore,
922 1698 1151 1750 Nouerit
1190 1707 1383 1750 vestra
1421 1697 1852 1768 Magnificencia
1890 1698 2108 1750 litteras
2142 1698 2254 1750 Ve-

309 1795 458 1839 stras
496 1785 930 1839 adiudicatorias
981 1784 1194 1837 honore
1235 1786 1562 1843 condecenti
1612 1803 1716 1844 nos
1773 1787 2060 1860 recepisse
2113 1786 2256 1847 inter

309 1882 499 1925 ceter-a
550 1874 896 1925 continentes
950 1881 1225 1942 quatenus
1275 1882 1523 1926 nostrum
1575 1875 1923 1927 mitteremus
1977 1874 2253 1927 hominem

307 1979 410 2030 pro
455 1961 766 2013 testimonio
804 1960 1140 2031 fidedignum
1201 1980 1309 2031 quo
1358 1971 1623 2030 presente
1661 1962 1942 2034 Magister
1978 1962 2253 2016 Martinus

307 2048 472 2103 Curie
511 2049 717 2101 Vestre
755 2049 1021 2101 Notarius
1061 2051 1127 2101 (16
1169 2047 1341 2101 Curia
1379 2050 1585 2102 Vestra
1647 2053 1719 2102 ad
1769 2050 1877 2103 hoc
1932 2051 2255 2120 specialiter

308 2141 606 2207 deputatus
646 2139 719 2189 ad
756 2136 961 2188 faciem
1000 2138 1286 2189 cuiusdam
1327 2138 1712 2206 possessionis
1751 2138 1968 2191 Zantou
2005 2138 2116 2191 alio
2156 2155 2252 2190 no-

306 2227 450 2280 mine
488 2224 804 2278 Isouteleke
844 2234 1042 2278 vocate
1102 2234 1156 2277 et
1209 2210 1356 2277 terre
1396 2226 1561 2277 Veek
1602 2243 1672 2278 ac
1727 2226 2125 2293 pertinencium
2179 2227 2252 2279 ad

309 2316 535 2367 easdem
574 2313 770 2375 vicinis
811 2321 865 2364 et
904 2314 1298 2365 commetaneis
1337 2315 1635 2365 earundem
1678 2313 1808 2366 inibi
1846 2313 2089 2385 legitime
2122 2331 2252 2367 con,

306 2402 522 2467 uocatis
561 2399 616 2453 et
654 2402 1008 2469 presentibus
1064 2403 1382 2459 accedendo
1434 2400 1586 2453 facta
1644 2402 1798 2470 prius
1842 2390 2088 2472 legitima
2125 2420 2252 2471 pre-

308 2478 694 2541 ambulacione
750 2490 1051 2542 earundem
1091 2497 1365 2547 statueret
1416 2489 1573 2557 ipsas
1624 2506 1746 2543 cum
1801 2491 2078 2548 vniuersis
2135 2491 2252 2544 suis

305 2577 630 2635 vtilitatibus
688 2585 742 2627 et
791 2577 1150 2645 pertinenciis
1208 2578 1508 2629 earundem
1563 2577 1927 2632 existentibus
1976 2577 2252 2649 Magister

303 2665 537 2718 Nicolao
576 2663 686 2722 filio
725 2656 923 2717 Lachk
965 2666 1033 2716 de
1080 2665 1296 2728 Zantou
1345 2660 1572 2734 suisque
1624 2664 1923 2721 heredibus
1974 2665 2252 2726 universis

303 2754 435 2806 Jure
484 2771 593 2829 quo
642 2752 745 2812 sibi
793 2770 863 2804 ex
904 2753 1180 2822 premisso
1237 2752 1396 2805 titulo
1447 2753 1771 2807 donacionis
1825 2753 2251 2813 dinoscerentur

307 2832 582 2908 pertinere
622 2849 898 2909 perpetuo
939 2842 1329 2910 possidendam,
1370 2841 1818 2894 contradiccione
1842 2840 2123 2900 Valentini
2153 2838 2250 2909 fily

303 2929 488 2987 Endre
528 2944 598 2979 ac
635 2926 905 2992 Johannis,
944 2921 1041 2998 'fily
1080 2929 1238 2981 Pauli
1278 2938 1333 2995 et
1372 2929 1603 2981 alterius
1626 2923 1914 2981 'Johannis
1952 2927 2044 2997 fily
2085 2927 2249 2980 Nico,

302 3015 377 3068 lai
416 3017 484 3073 de
525 3015 670 3066 dicta
703 3015 918 3066 Zantou
957 3016 1010 3067 in
1052 3017 1199 3068 dicta
1242 3015 1610 3084 possessione
1645 3015 1860 3076 Zantou
1886 3015 1995 3068 alio
2023 3015 2249 3068 nomine

303 3101 620 3161 Isouteleke
659 3110 866 3155 vocata
906 3102 1271 3155 residencium
1313 3120 1381 3155 ac
1416 3102 1649 3155 aliorum
1678 3103 2046 3173 quorumlibet
2070 3103 2248 3155 raciov

302 3190 463 3241 nibus
501 3189 555 3252 in
597 3189 806 3248 eisdem
846 3189 1074 3256 (litteris
1113 3190 1319 3255 vestris
1373 3189 1581 3245 clarius
1637 3208 1940 3260 expressas
1989 3208 2100 3244 non
2153 3191 2250 3243 oba.

302 3284 501 3339 stante9
541 3277 611 3328 Et
649 3277 885 3345 posthec
935 3278 1114 3347 ipsius
1168 3278 1616 3347 possessionarie
1669 3278 1994 3331 statucionis
2024 3277 2246 3330 >seriem

304 3364 372 3414 ad
425 3372 660 3415 octauas
706 3363 833 3420 festi
892 3366 1039 3419 beati
1087 3365 1318 3438 Georgy
1359 3366 1626 3436 Martyris
1679 3368 1932 3435 proxime
1978 3373 2246 3418 venturas

305 3450 461 3501 vobis
502 3450 860 3505 amicabiliter
901 3454 1356 3517 rescriberemuS,
1397 3453 1516 3507 Nos
1555 3455 1743 3523 itaque
1785 3454 2010 3507 vestris·
2043 3452 2243 3506 amica-
