2358 3874
234 237 356 291 140

232 385 397 434 tuum
424 378 471 450 1)
507 372 805 457 probavit3
850 371 1170 434 Judicibus
1209 370 1280 432 ad
1325 393 1448 432 rem
1488 371 1891 456 peragendam
1931 371 2165 458 publico

231 456 404 519 lectis
440 455 757 518 Comitiatu
781 461 849 533 2).

379 727 420 784 ¹)
451 723 567 773 Vide
599 724 673 772 IV.
708 741 751 773 V.
792 722 842 773 1.
878 740 926 788 p.
954 718 1245 774 71—104
1278 725 1338 773 de
1368 723 1721 783 Praelatorum,
1755 725 1978 775 omnium
2010 725 2168 775 Baro-

231 824 349 856 num
381 814 691 866 nostrorum,
726 823 817 856 nec
848 823 949 856 non
988 807 1178 857 totius
1218 808 1358 872 regni
1388 809 1546 857 nostri
1578 808 1785 857 consilio
1817 815 1867 857 et
1897 825 2164 858 consensu.

228 891 415 940 Primae
446 891 696 940 literarum
729 892 903 940 harum
945 908 989 940 a.
1029 889 1210 953 1237,
1246 892 1492 942 secundae
1532 908 1575 941 a.
1617 888 1777 941 1238
1811 892 1988 952 editae,
2022 899 2169 957 atque

230 975 320 1024 hae
360 975 556 1039 quidem
598 975 743 1024 etiam
786 976 836 1024 in
868 976 1078 1025 Tudom.
1114 976 1275 1041 Gyfijt.
1318 992 1362 1025 a.
1405 973 1564 1026 1828
1605 977 1638 1025 s.
1691 974 1742 1024 1.
1784 992 1835 1040 p.
1875 973 1908 1024 5
1951 977 2169 1041 vulgatae

230 1059 388 1123 legem
414 1060 474 1108 de
493 1060 802 1109 revocatione
824 1061 1185 1123 superfluarum
1218 1060 1542 1110 donationum
1568 1060 1838 1124 aequaliter
1868 1062 1928 1109 ad
1954 1067 2167 1124 tempuS‚

232 1158 329 1206 quo
368 1143 483 1192 Bela
521 1143 740 1207 regimen
774 1143 886 1207 jure
929 1145 1262 1193 successionis
1303 1145 1436 1204 adiit,
1478 1144 1526 1193 id
1565 1160 1678 1194 vero
1721 1153 1820 1194 est:
1870 1144 2170 1209 inauguralia

232 1226 337 1290 ejus
370 1227 580 1275 Comitia
611 1228 846 1276 referunt.

409 1308 455 1367 2)
489 1310 544 1359 c,
579 1310 636 1359 ι).
672 1312 724 1359 ν.
759 1327 808 1375 p,
847 1306 944 1371 64,
983 1308 1079 1371 66,
1122 1306 1257 1361 140.

1133 1489 1275 1562 §a

304 1652 520 1702 Horum
570 1654 827 1702 effectui
875 1654 1009 1702 dum
1055 1653 1318 1713 insistit,
1368 1657 1787 1720 gravissimam
1835 1658 2098 1708 incurrit

1046 1737 1362 1799 invidiam,

402 1893 587 1955 Primi
634 1917 709 1956 ex
740 1907 1056 1991 praecepto
1089 1896 1280 1980 legis,
1313 1910 1416 1960 aut
1459 1911 1622 1961 certe
1695 1899 1863 1962 rimis
1888 1952 1890 1954 ,
1917 1898 2171 1986 proximi

230 1976 562 2062 Agriensis
594 1991 654 2040 et
689 1979 789 2040 alli
820 1978 1248 2042 Cisterciensis
1281 1980 1527 2045 Ordinis
1557 1983 1658 2045 Ab
1704 1997 1856 2060 ates,
1885 1983 2170 2070 Hospita-

229 2062 305 2123 lis
345 2062 485 2125 item
526 2063 1064 2147 Hyerosolimitani
1093 2064 1338 2128 militiae
1378 2069 1582 2154 templi
1622 2091 1669 2130 s.
1711 2068 1936 2131 Lazari
1971 2067 2170 2153 Magi-

233 2145 344 2208 stri
375 2146 447 2209 ad
482 2147 918 2232 experiendum·
938 2148 1009 2212 de
1038 2148 1306 2213 bonitate
1329 2151 1488 2235 juris
1521 2152 1616 2214 sui
1645 2153 1706 2213 in
1742 2153 1892 2215 locis
1927 2152 2171 2237 quibus-

233 2230 365 2292 dam
409 2232 769 2294 sententiam
821 2233 1051 2296 evocati
1100 2247 1257 2296 sunt.
1326 2238 1512 2299 Parte
1550 2236 1758 2299 horum
1814 2237 2171 2323 abjudicata,

235 2315 500 2378 offensus
536 2317 839 2393 Pontifex,
877 2317 1014 2380 dum
1060 2319 1396 2403 portionem
1447 2321 1703 2407 aliquam
1743 2321 1940 2385 domui
1968 2321 2172 2419 hospi·

233 2398 562 2461 talis'illius
604 2424 713 2487 per
746 2403 953 2465 Belam
989 2402 1278 2466 redditam
1316 2405 1735 2482 intellexisset,
1766 2407 1914 2468 iram
1939 2418 2169 2493 posu1t3

232 2495 399 2545 tanto
445 2496 643 2546 tamen
682 2489 964 2571 majorem
1004 2487 1282 2550 invidiam
1314 2492 1445 2552 Rex
1475 2490 1754 2567 incurrit,
1793 2491 1928 2554 dum
1947 2489 2172 2576 judicia

230 2566 379 2630 haec
407 2567 467 2629 in
498 2570 866 2654 potentiores
903 2572 1413 2660 exerceri-caepta
1443 2589 1600 2638 sunt.
1665 2575 1747 2638 Hi
1789 2576 1944 2639 enim
1976 2576 2171 2661 palam

233 2651 446 2736 questi,
480 2656 684 2739 Reges
719 2655 869 2718 alios
905 2679 979 2718 ex
1011 2657 1168 2719 bello
1213 2660 1659 2723 revertentibus
1680 2708 1695 2736 ,
1746 2658 1840 2723 vel
1892 2660 2171 2723 interem-

231 2748 426 2798 torum
466 2750 526 2800 et
557 2752 864 2824 captorum
899 2741 1569 2829 propinquis-praemia:
1603 2745 1796 2821 villas,
1833 2746 2170 2830 possessio-

232 2843 359 2895 neS,
392 2834 452 2883 et
486 2823 729 2908 praedia
765 2826 1094 2889 contulisse
1113 2829 1251 2912 jure
1282 2841 1570 2914 perpetuo
1615 2828 1897 2901 tenenda3
1961 2829 2170 2891 Belam

235 2902 449 2965 nedum
492 2906 684 2970 simile
721 2908 940 2971 fecisse
985 2908 1179 2973 adhuc
1261 2912 1569 2997 uidquam,
1614 2935 1819 2975 verum
1860 2936 1930 2975 ea
1971 2913 2170 2990 etiam,

234 3010 383 3071 quae
417 2988 476 3050 in
507 2993 611 3074 jus
646 2993 1188 3079 proprietatemque
1219 2934 1359 3058 data
1389 3019 1497 3082 per
1528 2997 1678 3059 alios
1714 3009 1946 3073 essent,
1982 3010 2171 3061 retra-

233 3084 416 3148 ctare,
443 3096 621 3158 quum
643 3077 862 3138 multos
883 3091 1108 3163 aperte,
1125 3079 1333 3175 plures
1357 3093 1516 3144 tecte
1545 3104 1745 3143 secum
1771 3082 1996 3145 sentire
2013 3105 2168 3145 com-

233 3156 560 3240 perissent,
608 3183 861 3245 regnum
902 3162 1213 3225 Friderlco
1259 3165 1550 3228 Austriae
1602 3168 1758 3228 Duci
1806 3167 2168 3230 obtulerunt.

232 3240 353 3302 Sed
399 3241 556 3330 hgmc
597 3243 654 3306 in
688 3249 1044 3331 Hungariae
1082 3248 1233 3311 fines
1273 3272 1493 3335 magna
1534 3275 1778 3313 suorum
1819 3275 1998 3313 manu
2043 3251 2170 3314 illa-

234 3347 434 3408 psum,
495 3326 632 3390 dum
672 3352 706 3390 a
745 3330 1019 3394 factionis
1075 3333 1368 3419 capitibus
1409 3338 1633 3420 majora
1675 3335 1896 3398 auxilia
1943 3336 2171 3397 frustra

235 3424 574 3505 exspectat,
631 3415 779 3476 Bela
832 3414 887 3477 in
938 3417 1144 3501 sugam
1200 3420 1741 3506 necessitatemque
1794 3417 2170 3484 redimendae

236 3513 398 3574 pacis
432 3498 703 3579 conjecit,
743 3499 1032 3563 bonorum
1067 3503 1325 3566 omnium
1358 3504 1597 3590 adjutus
1620 3528 1767 3589 ¹ope3
1806 3504 1943 3567 dum
1970 3516 2166 3567 tamen
2199 3512 2203 3516 ’
