2358 3874
1970 217 2048 272 73

1019 392 1157 467 §a

143 544 252 592 Res
307 542 493 607 igitur
545 542 796 593 bellicas
849 544 1134 608 deinceps
1188 543 1318 593 solo
1370 545 1554 592 ferme
1606 542 1784 608 Regio
1830 542 2043 600 milite,

141 627 570 692 praeclaraque
603 630 995 678 Cumanorum
1029 644 1209 693 opera
1241 629 1455 693 gessit,
1490 629 1796 692 semelque
1828 643 1890 676 ae
1927 627 2046 676 ite-

139 727 261 761 rum
294 727 552 777 opresso
583 713 740 763 bello
780 714 971 774 civili;
1007 729 1111 763 suo
1154 714 1398 763 maxime
1437 714 1709 778 exemplo
1742 712 2041 762 ostendit:

307 874 511 958 Atque
546 896 617 935 ex
652 872 763 935 hoe
794 884 1055 957 tempore
1087 872 1480 958 Stephanum,
1514 873 1668 959 quod
1698 873 1938 936 Saulem
1973 896 2046 935 ex

139 980 345 1020 sorore
375 970 673 1043 nepotem,
716 981 781 1020 re
823 957 953 1043 ipsa
988 980 1178 1042 regno
1217 957 1502 1020 destinari
1545 958 1866 1034 intellexit,
1915 980 2044 1018 eum

60 1073 70 1086 ⁴
138 1041 537 1127 perduellibus
569 1067 641 1105 ex
676 1042 877 1127 rigore
906 1042 1060 1127 legis
1092 1042 1144 1104 d.
1181 1042 1474 1129 Stephani
1508 1044 1571 1124 (l.
1604 1047 1680 1105 11.
1702 1046 1879 1104 Decr.
1900 1043 2042 1128 Cap.

138 1129 273 1206 Ll.)
296 1151 327 1190 e
375 1126 516 1204 isse,
550 1151 623 1190 ne
652 1126 792 1191 nihil
824 1127 1027 1191 Ottoni
1057 1126 1437 1213 Frisingensi
1465 1127 1695 1191 deferre
1726 1127 2044 1202 videamur,

137 1151 538 1286 eonceffimus3
590 1225 651 1275 at
687 1213 839 1275 enim
885 1212 1202 1276 severitate
1247 1212 1355 1276 hac
1393 1213 1643 1299 patriam
1689 1212 1875 1275 civilis
1906 1212 2045 1274 belli

134 1293 394 1383 periculo
437 1311 724 1385 ereptam,
775 1298 1182 1362 auctoritatem
1229 1299 1479 1385 legitimi
1517 1298 1745 1386 imperii
1791 1297 2045 1360 vindica-

134 1395 272 1457 tam,
310 1396 661 1469 arreptaque
694 1382 766 1445 ad
794 1383 1253 1448 incolumitatem
1281 1384 1550 1471 publicae
1585 1385 1674 1448 rei
1714 1383 1904 1446 media
1939 1406 2046 1469 per

132 1480 358 1554 partem
399 1468 596 1554 populi
626 1468 924 1532 meliorem
954 1468 1380 1555 maximamque
1414 1470 1664 1556 probata
1694 1493 1813 1533 non
1844 1468 2067 1531 memi—¹

132 1552 296 1616 nisse
331 1577 448 1636 non
484 1577 828 1640 possumus3
860 1554 1104 1642 opprimi
1124 1554 1395 1616 nimirum
1425 1555 1614 1642 pestis
1643 1577 1732 1632 ea,
1766 1573 1872 1641 per
1908 1553 2044 1617 ado-

132 1639 451 1701 lescentem
481 1663 596 1702 non
670 1652 891 1718 oterat,
933 1640 1049 1703 nisi
1082 1639 1218 1703 huic
1245 1640 1479 1727 plurimi
1515 1639 1586 1703 de
1619 1663 1843 1727 genere
1869 1663 2042 1725 eque-

133 1727 244 1786 stri
281 1724 577 1810 sufragati
613 1663 883 1789 liiissent.
916 1729 1180 1803 Quorum
1217 1726 1278 1787 in
1306 1749 1372 1788 se
1399 1725 1657 1789 studium
1684 1749 1813 1787 eum
1846 1726 2044 1811 explo-

131 1822 324 1872 ratum
356 1807 618 1885 haberet,
651 1810 819 1896 plura
854 1810 1061 1875 deinde
1092 1811 1266 1874 etiam
1289 1811 1446 1874 bella
1469 1823 1529 1874 et
1555 1824 1762 1875 contra
1782 1811 2043 1873 Polonos

132 1907 192 1957 et
228 1897 493 1958 Graecos
535 1897 766 1981 gessit,
822 1897 1013 1983 Regio
1050 1896 1300 1960 maxime
1347 1896 1558 1972 milite,
1613 1895 2042 1983 stipendiariis-

132 2003 244 2066 que
279 1979 558 2057 FranciS,
590 2004 659 2042 ao
688 1980 1037 2052 Bohaemis,
1071 2005 1217 2068 quos
1253 1981 1603 2045 Sobieslaus
1639 1986 1692 2045 ei
1736 1981 2043 2068 suppetias

128 2065 387 2128 miserat.
433 2065 760 2151 Egregiam
796 2067 851 2129 ei
886 2067 1251 2155 Stelphelius
1290 2091 1521 2154 quoque
1561 2066 1777 2144 affinis,
1815 2067 2041 2153 praeei—

129 2174 303 2237 puam
330 2174 472 2214 vero
508 2175 743 2238 operam
771 2153 1020 2215 Cumani
1061 2153 1377 2231 dederunt,
1423 2176 1571 2240 quos
1607 2178 1715 2240 per
1747 2155 2040 2216 Joannem

132 2239 497 2300 Comnenum
545 2261 594 2298 a.
640 2246 802 2299 1122
849 2262 1057 2302 caesos
1095 2239 1352 2324 benigne
1390 2239 1644 2325 aceepit,
1684 2237 2041 2323 sedibusque

130 2321 188 2383 in
218 2345 455 2407 magna,
482 2325 656 2408 juxta
692 2323 838 2386 alios
869 2323 1081 2387 minori
1119 2325 1405 2387 Cumania
1441 2323 1769 2411 assignatis
1789 2347 1895 2410 per
1924 2347 2041 2386 om-

134 2430 266 2470 nem
301 2408 478 2471 vitam
516 2430 682 2470 suam
718 2408 1098 2495 gratissimos
1137 2409 1360 2473 habuit.

1010 2607 1153 2682 §5.

130 2762 407 2819 quantum
464 2755 615 2805 bono
678 2757 945 2821 fortique
996 2757 1266 2822 Principi
1317 2758 1373 2807 in
1426 2773 1622 2808 amore
1676 2758 1885 2823 populi
1933 2759 2038 2808 ad-

192 2856 401 2890 versus
435 2841 590 2890 fluxa
623 2841 1069 2907 Oligaroharum
1116 2843 1310 2892 studia
1357 2843 1718 2908 praesidium
1764 2844 1995 2893 existat.

297 3000 680 3086 Stephanum,
714 3013 778 3064 ut
807 3001 1044 3089 nuptias
1080 3003 1276 3079 iniret,
1317 3027 1389 3066 ex
1423 3002 1634 3089 quibus
1667 3003 1838 3066 liberi
1867 3027 2039 3088 quae-

132 3096 425 3160 rerentur,
451 3085 783 3171 Optimates
815 3101 1171 3172 coegerunt3
1204 3087 1310 3152 sed
1339 3112 1413 3152 ex
1445 3091 1698 3175 conjuge
1723 3088 2040 3170 (Adelhais

127 3169 237 3232 fuit
279 3181 447 3255 patre
473 3171 730 3233 'Henrieo
763 3172 1145 3258 Landgravio
1180 3173 1525 3261 Stelphensi
1567 3187 1626 3236 et
1655 3173 2039 3258 Burggravio

133 3254 585 3330 Ratisbonensi‚
639 3269 824 3318 matre
858 3257 1152 3321 Richerda
1190 3257 1479 3345 Leopoldi
1521 3259 1709 3320 Ducis
1752 3258 2038 3320 Austriae

129 3362 334 3403 sorore
371 3340 603 3425 genita)
634 3342 832 3427 proles
877 3342 931 3404 ei
961 3343 1170 3405 nullae.
1218 3345 1367 3405 Cum
1407 3342 1605 3428 itaque
1636 3343 1898 3428 graviori
1938 3367 2038 3405 va-

130 3424 404 3487 letudinis
454 3448 676 3511 genere
726 3449 775 3488 a.
826 3434 990 3490 1130
1042 3439 1375 3491 tentaretur
1398 3477 1413 3505 ,
1473 3450 1613 3513 pars
1656 3428 2039 3491 factiosorum

130 3509 424 3587 Borsium‚
452 3533 591 3596 pars
618 3514 859 3574 lvanum
890 3514 1091 3597 Reges
1117 3512 1374 3599 eligunt:
1404 3514 1508 3578 sed
1541 3514 1710 3577 simul
1739 3517 1868 3578 Rex
1901 3538 2036 3577 con-
