2280 3918
324 184 400 238 18

322 345 437 408 qua
471 343 674 385 eorum
710 318 1062 394 auctoritaS,
1108 315 1192 379 uti
1219 318 1347 379 Rex
1375 316 1562 402 major
1585 323 1632 396 1)
1667 329 1770 380 aut
1800 319 1985 380 Pater
2007 318 2225 404 jussis-

323 420 445 484 set,
490 406 616 469 fuit.
646 411 697 485 2)
743 402 1030 490 Stephani
1066 405 1144 465 V.
1181 401 1388 464 literae
1429 414 1693 478 exstant,
1728 409 1779 482 3)
1834 402 2048 488 quihus
2100 403 2227 466 sun-

322 493 431 556 dos
470 492 620 555 bene
652 490 879 554 meritis
915 488 986 551 de
1022 510 1087 549 se
1116 486 1473 551 Udvarnicis
1512 487 1859 573 quibusdam
1895 511 1964 550 ea
2002 488 2230 574 adjecta

321 578 560 641 donavit
589 579 887 650 cautione,
933 586 998 636 ut
1031 573 1142 636 hos
1166 586 1287 636 tum
1316 572 1572 648 demum,
1619 572 1671 634 si
1698 571 1757 634 in
1791 574 2228 659 possessionem

320 663 493 750 regni
521 662 777 738 venerit,
824 671 1011 723 semet
1041 682 1109 722 re
1134 658 1266 746 ipsa
1297 659 1644 722 collaturum
1674 658 2060 744 promitteret.
2106 657 2229 722 Sed

321 747 394 811 ad
433 747 734 811 Andream
762 756 1148 809 revertamur.

506 1009 548 1069 ι)
593 1006 831 1072 Exemplo
876 1006 1020 1055 Decr.
1078 1005 1365 1055 Colomanni
1415 1005 1448 1054 l.
1495 1004 1533 1053 1.
1574 1020 1617 1054 e.
1678 1003 1740 1065 9,
1797 1001 1900 1064 11,
1964 1002 2058 1057 12.
2111 1006 2231 1056 ltem

325 1093 583 1143 articulum
626 1089 719 1142 18.
763 1089 942 1140 1222.

457 1207 508 1275 2)
554 1207 646 1257 Per
675 1222 819 1271 quem
850 1221 1045 1271 nempe,
1094 1205 1166 1255 vel
1198 1205 1355 1270 cujuS,
1401 1211 1454 1255 ut
1484 1204 1578 1254 dici
1609 1204 1817 1263 amabat,
1856 1204 2101 1256 voluntate
2132 1205 2231 1255 Rex

325 1303 408 1343 aut
436 1294 540 1342 Dux
573 1292 677 1342 fuit.
724 1292 892 1357 Ipsum
924 1292 1061 1356 regni
1092 1291 1150 1340 de
1182 1307 1225 1340 a.
1273 1287 1431 1340 1267
1464 1290 1727 1340 Decretum
1758 1290 1821 1340 ita
1852 1291 2066 1355 incipitt*
2096 1291 2235 1352 „Nos

325 1378 438 1428 Bela
468 1379 555 1428 Dei
586 1378 736 1443 gratia
765 1377 867 1426 Rex
896 1376 1170 1441 Hungariae
1198 1383 1246 1426 et
1276 1376 1554 1440 Stephanus
1577 1392 1666 1441 per
1686 1375 1909 1425 Eundem
1934 1375 2102 1442 junior
2131 1376 2231 1425 Rex

326 1464 600 1529 Hungariae
626 1469 674 1512 et
692 1463 798 1512 Dux
816 1452 1184 1527 Transyl'vaniae
1212 1468 1260 1511 et
1282 1461 1395 1511 Bela
1417 1461 1586 1527 junior
1608 1461 1713 1511 Dux
1742 1461 1893 1511 totius
1924 1461 2234 1511 Slavoniae.“

460 1577 509 1647 3)
558 1578 794 1644 Superius
827 1578 860 1628 l.
895 1578 978 1628 Ill.
1013 1578 1072 1627 ad
1110 1583 1139 1637 §
1171 1572 1249 1627 34-
1290 1577 1488 1639 citatae3
1537 1584 1651 1627 sunt
1688 1584 1851 1626 tamen
1891 1576 2009 1626 aliae
2047 1576 2233 1641 plnreS,

327 1667 374 1715 in
414 1665 591 1730 quibus
629 1679 728 1713 non
775 1665 901 1713 hanc
950 1663 1334 1713 moderationem
1372 1663 1562 1722 tenuit,
1617 1678 1672 1711 ac
1712 1667 2002 1726 eapropter,
2057 1661 2237 1711 indicio

327 1751 400 1800 tit.
447 1744 541 1799 14.
582 1749 710 1799 Part.
755 1744 822 1798 ll.¹
855 1749 984 1799 Juris
1023 1764 1197 1798 consu.
1237 1747 1508 1805 Verbdczii,
1567 1747 1735 1796 literae
1772 1755 1994 1811 tempore
2023 1746 2238 1796 Ducatus

329 1835 545 1901 ejusdem
579 1835 828 1884 confectae
863 1834 992 1893 „nisi
1023 1834 1225 1884 forsitan
1257 1833 1366 1897 ipso
1398 1841 1567 1897 postea
1599 1832 1736 1898 regni
1763 1831 2086 1898 gubernacula
2104 1830 2237 1897 juste

331 1921 652 1986 suscipiente,
707 1921 888 1985 pariter
918 1927 966 1969 et
998 1920 1304 1984 possidente,
1353 1934 1442 1984 per
1488 1934 1596 1967 eum
1641 1919 1954 1967 confirmatae
1995 1917 2235 1967 fuissent“

331 2022 429 2056 non
462 2014 730 2056 servantur.

1195 2215 1236 2290 g
1284 2217 1379 2273 13.

1010 2382 1165 2454 bello
1211 2383 1363 2433 enim
1409 2383 1571 2433 civili

504 2572 782 2635 Andreas
822 2572 1004 2635 filium
1044 2574 1447 2649 Salomonem,
1506 2572 1728 2635 recenti
1773 2570 2014 2634 Henrici
2058 2573 2241 2658 lmpe-

335 2659 552 2723 ratoris
600 2660 892 2744 exemplo,
957 2682 1024 2720 se
1063 2658 1388 2745 superstite
1440 2661 1708 2721 coronari
1743 2657 1908 2734 fecit,
1967 2657 2063 2719 vix
2110 2657 2244 2719 dum

338 2757 697 2832 septennem.
759 2746 909 2806 Cum
949 2768 1245 2807 consensu
1279 2745 1457 2807 Belae
1508 2756 1849 2829 susceptum
1911 2741 2022 2805 hoc
2073 2744 2246 2804 Keza

339 2829 645 2894 consilium
667 2830 944 2908 innuit31)
968 2843 1139 2893 vetus
1160 2853 1192 2893 e
1215 2830 1448 2893 diverso
1473 2828 1627 2914 apud
1648 2827 2050 2894 Thuroczium
2077 2826 2245 2890 chro-

340 2915 685 3013 nographus
715 2914 872 2977 hunc
905 2915 1204 3002 inopinato
1249 2913 1673 3002 deprehensum
1721 2925 1956 2990 event0,
2024 2913 2114 2977 vel
2166 2912 2244 2987 id,

342 3001 614 3099 quidnam
651 3001 764 3063 sibi
798 3024 950 3063 nova
982 3024 1051 3063 ea
1084 3023 1214 3063 cum
1246 3000 1491 3087 puerulo
1527 3012 1740 3086 nepote
1769 3022 1878 3062 suo
1908 3022 2119 3087 pompa
2150 3020 2243 3060 ve-

341 3088 434 3165 ht,
481 3111 553 3150 ex
582 3086 906 3184 interprete
939 3085 1167 3149 demum
1202 3084 1568 3149 intellexisse
1603 3097 1888 3163 testatur,
1935 3084 2032 3172 qui
2065 3084 2250 3147 verba

343 3171 806 3236 consecrationis
846 3171 1113 3235 solennia
1155 3175 1344 3249 „Esto
1379 3169 1647 3234 dominus
1682 3172 1929 3235 fratrum
1971 3181 2244 3234 tuorum“

346 3335 400 3342 *-

529 3420 571 3479 1)
615 3418 670 3469 L.
704 3419 764 3470 11.
807 3435 851 3472 c.
895 3416 950 3471 3.
993 3426 1023 3481 5
1058 3418 1112 3472 6.
1189 3422 1265 3473 cui
1307 3421 1544 3473 dandulus
1585 3434 1778 3487 quoque
1817 3416 2081 3469 assentitur
2116 3414 2244 3481 apud

348 3501 577 3552 Murator.
611 3503 667 3552 T.
702 3504 804 3555 XII.
842 3522 887 3569 p.
925 3501 1063 3556 241.
