2358 3874
1204 334 1349 403 IV.

320 514 567 577 Literae
610 512 795 574 Belae
836 511 948 571 lV.
1002 507 1075 570 de
1116 531 1165 569 a.
1214 514 1408 583 1253,
1457 506 1854 570 confirmatae·
1897 508 2108 572 deinde
2150 531 2257 595 per

321 628 548 691 Ladisl.
585 629 696 687 IV.
742 636 802 686 et
832 621 1064 684 Ludov.
1108 625 1181 697 L,
1227 644 1379 707 quae
1419 619 1697 683 Ethuruh
1750 644 1883 683 cum
1921 623 2061 685 filiis
2107 623 2255 698 suiS‚

321 754 561 828 praeter
602 738 935 824 propriam,
982 735 1157 821 q‘uam
1204 734 1465 798 habebat
1488 784 1502 811 ‚
1561 733 2026 812 haereditatem,
2075 736 2258 819 castri

322 877 552 942 quoque
587 867 838 929 terram,
880 854 1025 936 jure
1062 850 1319 913 filiorum
1358 849 1808 934 Jobbagionum
1849 848 2034 912 castri
2077 849 2151 915 ab,
2189 872 2260 911 eo

908 965 1217 1052 accepisse
1266 963 1582 1052 perhibent
1617 971 1681 1043 ¹).
2114 947 2116 949 ⁵

468 1187 900 1241 LUDOVICUS
940 1188 1046 1239 Dei
1084 1186 1269 1257 gratia
1306 1185 1628 1256 Hungariae
1658 1184 1976 1238 Dalmatiae
2002 1183 2264 1238 croatiae

322 1278 535 1331 Ramae
577 1277 809 1329 Serviae
860 1275 1132 1328 Galliciae
1171 1273 1542 1326 Lodomeriae⁴
1587 1272 1889 1326 Comaniac
1937 1272 2264 1344 Bulgariae-

324 1383 429 1436 que
482 1365 609 1418 Rex
664 1366 933 1434 Princeps
986 1363 1373 1437 Salernitanus
1427 1371 1481 1414 et
1533 1361 1765 1415 honoris
1823 1362 2027 1420 montis
2076 1359 2268 1413 Sancti

324 1453 529 1524 Angeli
566 1454 855 1505 Dominus,
919 1452 1186 1504 Omnibus
1226 1449 1432 1503 Christi
1472 1449 1724 1502 fidelibus
1774 1449 2165 1519 praesentibus
2213 1457 2269 1500 et

257 1584 259 1588 s
326 1540 526 1593 futuris
574 1542 948 1609 praesentium
996 1540 1244 1592 notitiam
1302 1537 1575 1591 habituris
1627 1537 1862 1590 salutem
1915 1537 1970 1589 in
2029 1536 2268 1589 omnium

329 1629 645 1682 Salvatore.
686 1618 843 1687 Sicut
882 1631 951 1680 ad
984 1628 1223 1698 Regiam
1266 1627 1505 1696 pertinet
1532 1625 1938 1678 Excellentiam
1977 1624 2270 1694 unicuique

329 1717 645 1785 promeritis
698 1718 977 1787 condigna
1030 1718 1165 1769 dare
1217 1713 1487 1767 beneficia
1541 1714 1888 1776 meritorum,
1937 1713 2020 1765 sic
2070 1730 2107 1765 a
2154 1711 2271 1764 suis

329 1805 860 1873 praedecessoribus
899 1804 1003 1855 rite
1042 1802 1314 1871 praestita
1349 1811 1404 1853 et
1434 1802 1638 1854 donata
1665 1801 1977 1853 muniminis
2004 1799 2270 1854 beneficio

329 1893 649 1947 renovando
696 1894 880 1944 debet'
908 1890 1239 1943 confirmare
1280 1899 1341 1942 ut
1382 1907 1451 1941 ea
1492 1907 1594 1958 per
1632 1889 2010 1942 renovationis
2044 1887 2272 1942 'titulum

330 1979 574 2033 obtineat
614 1979 813 2031 futuris
852 1980 904 2031 in
945 1979 1291 2048 temporibus
1331 1977 1554 2030 imobile
1597 1977 2052 2045 perseverantiae
2091 1975 2272 2029 firma-

331 2078 590 2120 mentum.
643 2068 884 2120 Proinde
925 2069 996 2119 ad
1034 2067 1420 2119 universorum
1459 2065 1707 2118 notitiam
1747 2064 1949 2119 harum
1991 2065 2138 2123 serie
2176 2081 2273 2117 vo-

330 2156 513 2208 lumus
552 2157 862 2225 pervenire,
904 2156 1048 2225 quod
1083 2153 1405 2222 Stephanus
1437 2152 1580 2204 filius
1607 2151 1944 2216 SalomoniS,
1982 2151 2078 2221 filii
2103 2152 2274 2216 Petri,

332 2243 427 2296 filii
464 2244 719 2296 Ethuruh
757 2243 996 2314 Jobagio
1049 2242 1221 2294 castri
1257 2241 1436 2293 nostri
1484 2241 1844 2293 Posoniensis
1899 2241 1972 2292 ad
2024 2248 2275 2292 nostram

335 2334 610 2385 accedens
664 2333 1041 2401 praesentiam
1096 2329 1344 2383 exhibuit
1389 2330 1549 2381 nobis
1588 2329 1948 2400 Privilegium
1999 2328 2277 2398 quondam

333 2420 552 2472 Domini
590 2419 837 2471 Ladislai
875 2419 1054 2488 Regis
1082 2418 1301 2470 Literas
1330 2417 1721 2486 privilegiales
1752 2417 2028 2486 quondam
2056 2413 2279 2467 Domini

334 2507 508 2562 Belae
545 2507 723 2578 Regis
762 2507 1084 2577 Hungariae
1137 2505 1605 2558 praedecessoris
1658 2505 1836 2558 nostri
1885 2521 2058 2572 super
2105 2501 2276 2555 colla-

336 2596 483 2648 tione
531 2596 821 2665 cujusdam
877 2606 1062 2647 terrae
1103 2593 1289 2646 Castri
1327 2593 1595 2646 Karchan
1649 2594 1891 2646 vocitate
1940 2590 2094 2644 facta
2145 2608 2276 2644 con-

336 2681 517 2734 fectas
554 2683 607 2735 in
648 2700 710 2734 se
749 2684 1094 2735 continentes
1133 2691 1187 2734 et
1226 2681 1671 2734 confirmatorias
1702 2681 1913 2734 tenoris
1934 2677 2278 2746 infrascripti

337 2771 623 2839 suplicans
660 2771 902 2824 Nostrae
942 2771 1226 2823 Maiestati
1263 2770 1546 2822 humiliter
1585 2778 1640 2821 et
1678 2771 1906 2830 devote,
1962 2775 2022 2818 ut
2074 2766 2277 2818 dictum

342 2857 693 2928 Privilegium
734 2859 1005 2927 praedicti
1043 2859 1263 2911 Domini
1304 2857 1547 2910 Ladislai
1587 2856 1767 2926 Regis
1806 2862 2138 2921 acceptare,
2189 2870 2277 2905 ra-

339 2944 569 3009 tificare,
610 2956 663 2997 et
703 2965 804 3015 pro
848 2950 1039 2999 eodem
1071 2947 1296 3015 suisque
1334 2944 1669 2997 haeredibus
1699 2951 1891 2995 nostro
1925 2942 2282 3012 dignaremur

500 3127 538 3186 ¹)
569 3126 734 3171 llarum
763 3127 994 3172 literarum
1023 3127 1358 3186 geminissimae
1388 3133 1506 3178 sunt,
1539 3140 1651 3184 quas
1670 3124 1849 3170 Stanicz
1879 3123 1934 3168 de
1958 3123 2071 3167 Guta
2095 3121 2275 3172 Karcsa,

342 3207 391 3245 ut
418 3199 627 3259 superius
654 3199 710 3244 ad
737 3201 789 3244 ΙΙ.
818 3196 851 3244 2
881 3200 1133 3245 notavimus
1170 3214 1194 3245 a
1223 3199 1419 3258 Regibus
1449 3198 1606 3243 iisdem
1638 3210 1777 3257 super
1804 3197 1961 3242 cadem
1997 3202 2117 3240 terra
2146 3195 2280 3239 castri

341 3273 542 3317 bifariam
571 3272 735 3317 deinde
764 3272 900 3318 divisa
928 3274 1197 3333 impetrasse
1226 3272 1384 3317 fertur.
1425 3272 1591 3317 Harum
1624 3277 1776 3315 tamen
1805 3269 2056 3329 simplicem
2087 3281 2171 3326 ego
2195 3281 2283 3311 co-

343 3346 458 3403 piam
498 3352 695 3397 tantum,
738 3348 971 3406 antiquam
1010 3347 1128 3392 hanc
1168 3346 1374 3405 quidem,
1417 3345 1499 3389 sed
1541 3343 1829 3389 solemnitate
1861 3342 2121 3387 destitutam
2160 3340 2281 3384 omni

344 3417 565 3470 videram3
605 3432 657 3463 ex
685 3433 771 3477 qua
800 3420 1090 3465 nihilominus
1129 3419 1316 3464 lacunae
1355 3418 1643 3477 sequentium
1682 3415 2041 3462 authenticarum
2082 3425 2282 3471 gencra-

348 3489 480 3533 tionis
509 3490 713 3535 Ethurnh
741 3492 970 3537 literarum
1000 3491 1237 3537 commode
1269 3491 1436 3550 expleri
1466 3496 1674 3549 possunt.
