2280 3918
1947 207 2029 264 39

115 345 247 407 iude
279 356 456 430 patet,
491 342 644 429 quod
675 366 749 406 ex
779 343 998 420 decem,
1036 343 1135 428 qui
1165 341 1411 428 Synodo
1449 355 1643 405 aetate
1678 345 2023 408 Colomanni

118 429 445 497 celebratae
477 451 674 491 coram
709 427 980 505 aderant,
1013 428 1323 515 Episcopis
1354 428 1645 502 nonnulli3
1692 452 1767 491 ex
1797 430 2023 515 presbi-

116 514 260 577 teris
306 514 538 599 quidem
585 513 851 599 plerique
894 513 1195 599 conjugati
1241 512 1460 603 suerint
1509 537 1715 577 omnes
1751 523 1815 593 1).
1860 514 2022 576 [dem

116 611 320 661 contra
362 598 722 685 Antipapam
766 600 1124 661 Clementem
1170 602 1275 659 111.
1340 611 1542 685 partes
1588 600 1858 662 Victoris
1913 603 2022 662 III.

114 684 225 747 rite
269 685 440 747 electi
482 684 794 747 Pontificis
827 683 1043 760 tuituS,
1104 706 1319 746 causae
1365 683 1675 770 religionis
1723 709 2022 771 nunquam

116 769 329 845 defuit3
374 770 728 832 Pontificum
758 781 954 831 autem
983 768 1275 831 mandatis
1306 793 1422 831 non
1454 769 1736 839 omnibus,
1757 771 2021 833 subscri-

38 855 45 862 ’
114 855 265 942 psit;
298 854 450 941 quod
481 856 647 917 nefas
680 854 935 931 duceret,
983 877 1164 939 agere
1211 854 1524 940 quidpiam,
1555 859 1618 916 in
1649 879 1764 942 quo
1802 857 1855 919 ei
1897 881 2022 918 mu-

114 941 271 1003 neris
304 942 396 1003 sui
426 941 577 1026 regii
608 939 756 1002 ratio
791 963 908 1002 non
940 951 1258 1002 constaret.
1294 941 1395 1003 Ad
1431 964 1499 1003 ea
1530 941 1736 1026 igitur,
1773 965 1921 1027 quae
1959 941 2021 1003 hi

40 1027 42 1029 ’
114 1039 558 1113 praeceperant,
587 1048 758 1086 suum
790 1037 848 1087 et
879 1024 1007 1110 ipse
1039 1024 1324 1111 judicium
1355 1024 1647 1102 adhibuit,
1691 1028 2021 1090 consensit-

116 1135 227 1197 que
276 1112 336 1173 in
389 1123 696 1195 utramque
736 1110 1154 1197 rempublicam
1207 1124 1498 1196 oportuna
1543 1110 2022 1189 decernentibuS,

114 1221 230 1258 non
260 1196 517 1258 servivit.
550 1199 679 1272 Quo
710 1199 907 1281 itaque
942 1196 1178 1258 valeant
1218 1197 1317 1257 illa
1350 1197 1579 1260 Urbani
1616 1201 1693 1259 11.
1743 1198 1814 1260 ad
1847 1200 2022 1260 Coloa

115 1306 384 1343 mannum
414 1281 679 1366 regimen
705 1281 1133 1367 auspicantem:
1166 1285 1322 1366 „jam
1357 1281 1455 1344 diu
1484 1306 1736 1367 regnum
1759 1297 1924 1356 tuum
1949 1284 2021 1345 ab

112 1367 492 1453 Apostolicae
544 1366 705 1429 sedis
763 1367 1090 1430 obedientia
1148 1367 1445 1430 descivit“
1493 1391 1609 1430 non
1655 1392 1747 1431 me
1786 1381 2021 1455 oportet

113 1451 397 1538 prolixius
439 1452 749 1516 disserere.

293 1724 336 1790 ¹)
370 1723 523 1780 Quam
572 1740 742 1787 parum
791 1741 869 1773 res
913 1726 1031 1774 haec
1077 1725 1125 1774 in
1166 1726 1410 1790 Ilungaria
1444 1727 1758 1790 processerit,
1808 1726 1914 1775 vide
1955 1727 2021 1775 sis

115 1808 186 1857 lit.
221 1809 389 1857 Innoc.
423 1808 513 1857 ΡΡ.
548 1810 606 1857 de
639 1825 681 1858 a.
723 1807 880 1859 1198
914 1817 962 1860 et
1001 1811 1260 1860 Decretum
1312 1811 1424 1875 Syn.
1466 1812 1714 1860 Vratislav.
1767 1827 1810 1860 a.
1861 1810 2018 1861 1265

114 1893 399 1971 celebratae,
434 1894 562 1958 quod
593 1894 707 1942 Bela
732 1894 807 1943 lV.
843 1912 931 1960 per
959 1911 1011 1945 se
1042 1897 1326 1960 adoptatum
1359 1912 1448 1960 pro
1481 1896 1586 1961 lege
1618 1897 1855 1961 publicari
1888 1897 2015 1946 fecit.

112 1979 251 2042 Apud
281 1979 396 2028 Kat(
423 1979 559 2028 T.VI.
596 1995 645 2043 p.
682 1974 821 2028 442.

970 2145 1013 2221 ἕ
1057 2148 1153 2204 22.

536 2298 615 2347 Dc
652 2298 906 2363 Legibus
955 2298 1199 2361 scriptis
1242 2297 1289 2346 d.
1333 2298 1592 2348 Ladislai

284 2459 376 2519 De
408 2458 652 2520 solemni
682 2456 863 2520 Curia
894 2480 941 2518 s.
976 2455 1262 2544 Stephani
1293 2457 1366 2519 ad
1395 2457 1610 2520 festum
1642 2460 1710 2519 Β.
1735 2458 2013 2543 Virginis

118 2542 297 2605 Coelo
338 2555 610 2629 receptae
660 2542 812 2628 apud
858 2543 1078 2606 Albam
1128 2542 1425 2605 celebrata
1470 2566 1660 2605 annue
1687 2592 1701 2620 ,
1751 2542 1869 2606 dixi
1909 2568 2016 2607 suo

116 2628 260 2702 loc0,
284 2627 650 2714 maximaque
682 2650 813 2689 cum
841 2628 1156 2713 voluptate.
1187 2630 1471 2691 Accessit
1499 2628 1635 2690 huic
1666 2627 1781 2690 alia
1807 2630 2020 2690 cumuli

115 2712 304 2775 instar
333 2713 512 2798 longe
548 2712 911 2798 gratissima,
959 2712 1189 2797 quando
1235 2712 1305 2775 de
1341 2737 1503 2777 more
1534 2713 1654 2790 illo,
1690 2713 1926 2798 justitia
1961 2727 2020 2777 et

117 2796 412 2883 aequitate
467 2822 514 2860 s,
568 2797 835 2861 Ladislai
881 2798 939 2859 in
979 2811 1324 2884 perpetuam
1365 2798 1614 2862 adducto
1647 2800 2019 2862 consuetudi-

117 2906 269 2957 nem,
313 2896 370 2946 et
403 2883 798 2969 Regalibus
842 2882 1018 2970 hujus
1065 2883 1137 2946 ad
1168 2881 1318 2944 diem
1347 2884 1506 2947 illam
1532 2883 1840 2948 Judiciis
1866 2907 2018 2947 com-

115 2970 241 3053 peri
279 2974 342 3046 1).
400 2972 650 3031 Praeter
686 2992 878 3031 annua
927 2981 1124 3031 tamen
1156 2967 1320 3046 haec,
1368 2969 1572 3033 habuit
1610 2969 1667 3031 is
1717 2969 1830 3031 alia
1877 2969 2016 3033 item

119 3052 368 3116 Comitia
395 3054 659 3140 plurima.
700 3058 957 3118 Decreta
987 3054 1163 3116 trium
1199 3055 1542 3141 compilator
1576 3055 1857 3130 incertUS,
1883 3079 2014 3152 par-

118 3138 222 3205 tim
247 3137 475 3215 iisdem,
504 3138 716 3224 quibus
748 3140 918 3225 leges
950 3139 1223 3225 singulae
1256 3140 1521 3204 conditae
1553 3153 1712 3217 sunt,
1743 3141 1943 3201 verbis
1964 3148 2013 3219 2)

119 3222 327 3299 reddit,
413 3223 583 3291 artim
610 3236 690 3287 vut
727 3248 850 3287 rem
891 3238 1126 3310 gestam
1167 3239 1371 3289 narrat
1419 3227 1548 3311 ipse
1582 3233 1649 3304 3).
1706 3224 1774 3285 ld
1818 3236 2015 3287 tamen

120 3310 212 3372 vel
259 3333 332 3372 ex
366 3246 459 3370 liis
513 3308 728 3370 talibus
777 3313 903 3394 ejus
942 3311 1317 3372 collectaneis
1354 3323 1481 3373 tute
1523 3309 1856 3394 intelligas:
1894 3313 2013 3373 La-

120 3394 368 3456 dislaum
399 3406 458 3457 et
499 3393 559 3454 in
596 3393 764 3456 modo
808 3393 1239 3457 condendarum
1280 3418 1409 3456 cum
1448 3395 1647 3482 populi
1676 3394 2012 3460 testimonio

122 3480 319 3564 legum
370 3479 421 3542 d.
454 3477 742 3565 Stephani
790 3491 1054 3543 secutum
1101 3479 1611 3557 consuetudinem,
1657 3492 1715 3542 et
1757 3503 1830 3543 ex
1859 3505 2011 3546 com—
