2280 3918
1959 208 2035 263 15

124 350 324 436 copias
361 370 503 410 suas
535 343 865 408 Adalberto
893 343 1534 410 MarchioniAustriae
1557 357 1617 407 et
1652 367 1888 407 rursum
1919 349 2036 410 Ge-

126 432 418 498 berhardo
459 430 883 496 Ratishonensi
920 429 1218 516 Episcopo
1263 428 1474 516 patruo
1511 429 1809 505 DucibuS‚
1873 434 2037 493 Hun-

123 520 328 606 gariae
360 517 648 580 infudisse
681 529 741 579 et
767 515 1002 579 tandem
1042 538 1149 600 per
1180 537 1246 576 se
1286 537 1483 578 coram
1519 514 1805 589 adfuisse3
1863 539 2038 602 quum

123 620 319 669 tamen
350 626 473 665 nec·
501 601 733 665 iteratis
771 599 1244 687 expeditionibus
1287 599 1382 662 his
1432 600 1763 686 quidquam,
1786 601 1856 664 ad
1909 624 2039 664 sco-

124 714 259 778 pum
292 690 606 776 proficeret
633 709 825 761 suum,
858 684 1094 748 tandem
1121 709 1271 770 erga
1287 685 1484 748 'vicem
1507 709 1615 773 per
1635 689 1901 750 Leonem
1930 690 2040 750 IX.

123 776 472 838 Pontificem
502 778 586 836 M.
613 769 1051 856 interpositam,
1097 770 1353 833 animum
1372 774 1496 857 jam
1526 770 1597 834 ad
1628 795 1869 835 censum
1899 796 2040 859 quo-

124 885 238 948 que
273 858 693 946 acceptandum
748 854 1054 942 adjecisse.
1071 862 1117 936 ¹)
1151 859 1366 919 Serum
1395 868 1592 920 tamen
1620 855 1732 921 hoc
1758 861 1886 945 ejus
1912 871 2042 921 erat

127 946 462 1021 consilium,
508 967 543 1006 a
573 965 688 1028 quo
724 953 785 1004 et
813 939 1094 1005 Andreas
1129 953 1189 1004 et
1223 943 1499 1027 Hungari
1534 941 1914 1007 vehementer
1941 945 2042 1007 ab-

128 1031 465 1096 horrebant.
519 1025 765 1091 Perdita
795 1026 909 1104 sic‚
951 1026 1107 1113 quod
1139 1026 1432 1090 Vibertus
1462 1028 1721 1115 scriptor
1752 1029 2041 1114 synchro-

127 1141 239 1180 nus
283 1116 365 1179 ait
392 1163 407 1191 ‚
475 1137 581 1201 per
622 1136 924 1176 romanam
974 1111 1394 1199 rempublicam
1441 1112 1811 1200 subjectione
1870 1116 2043 1202 regni

103 1200 468 1287 hungarici,
519 1221 637 1285 pax
672 1198 820 1262 inita
850 1197 1096 1261 Posonii
1143 1197 1577 1261 conditionibus
1623 1212 1753 1262 est:
1819 1202 2044 1264 Caesar

126 1301 190 1351 ut
229 1310 325 1363 ea,
380 1307 528 1371 quae
563 1307 636 1346 ex
675 1296 848 1370 pacto
881 1307 1011 1346 cum
1051 1284 1329 1348 Samuele
1368 1284 1509 1360 Aba
1552 1285 1823 1363 tenebat,
1856 1310 2042 1384 porro

125 1372 485 1459 possideret3
531 1381 773 1456 praeter
802 1368 1034 1432 ltaliam
1077 1391 1417 1432 communes
1455 1382 1703 1456 uterque
1740 1395 2043 1458 paciscen-

124 1458 269 1521 tium
313 1457 532 1520 amicos
573 1468 633 1518 et
675 1453 883 1518 hostes
932 1453 1257 1528 haberent3
1317 1454 1439 1518 filia
1485 1456 1765 1519 Caesaris
1818 1457 2044 1544 Sophia

126 1544 444 1607 secundum
481 1540 629 1604 alios
669 1539 953 1617 Juditha‚
1012 1541 1315 1603 Salamoni
1357 1542 1603 1628 parvulo
1647 1550 1838 1623 (anno
1880 1552 2042 1607 1053

128 1642 301 1692 natus
333 1635 453 1708 est)
485 1626 730 1714 parvula
761 1625 1241 1713 desponsaretur.
1355 1634 1357 1636 ’

265 1875 305 1934 ι)
351 1872 572 1922 Vibertus
604 1889 644 1923 s,
678 1874 859 1924 Leonis
890 1874 970 1924 IX.
1005 1873 1303 1938 biographus
1323 1874 1521 1947 in'Actis
1551 1873 1638 1923 SS.
1670 1875 1730 1924 ad
1767 1871 1861 1925 19.
1895 1876 2041 1939 Apri-

126 1959 202 2008 lis.
252 1958 366 2007 Otto
408 1957 617 2022 Frising.
662 1975 705 2007 c.
750 1975 796 2007 o.
843 1960 874 2008 l.
918 1959 993 2009 Vl.
1041 1976 1149 2025 cap.
1194 1955 1292 2009 33.
1339 1959 1471 2009 Bene
1511 1959 1572 2009 ad
1612 1960 1732 2009 haec
1771 1960 1952 2025 Prayus
1993 1962 2042 2011 in

126 2044 253 2094 Hist.
287 2044 344 2092 R.
379 2043 439 2093 H.
473 2043 525 2092 P.
562 2044 600 2093 1.
633 2060 683 2108 p.
721 2041 830 2093 55:
869 2045 958 2106 „Si
991 2047 1122 2111 quod
1154 2061 1368 2111 unquam
1394 2045 1477 2111 jus
1517 2046 1621 2095 sedi
1658 2046 1963 2111 Apostolicae
1995 2047 2042 2096 in

127 2129 422 2195 Hungariam
467 2127 638 2179 fuisset
658 2167 670 2190 ‚
725 2129 943 2180 Pontifex
988 2138 1119 2181 certe
1166 2146 1416 2196 nunquam
1469 2138 1604 2182 tanto
1643 2131 1804 2182 studio
1844 2139 2043 2183 acturus

128 2223 248 2275 erat,
298 2222 352 2270 ut
381 2214 482 2264 Rex
511 2214 745 2265 tributum
780 2215 976 2266 Caesari
1008 2217 1248 2281 pendat.“

1011 2473 1051 2548 ς
1096 2477 1151 2532 9.

223 2634 426 2684 Partes
473 2634 652 2699 hujus
699 2636 932 2686 avulsas
977 2638 1153 2688 Belae
1198 2640 1405 2690 fratris
1452 2639 1695 2704 adjutus
1740 2639 1956 2689 virtute

957 2739 1207 2804 recepit.

299 2913 455 2974 Pars
506 2912 760 2976 maxima
805 2937 1021 2978 causae
1073 2905 1192 2978 tam
1247 2914 1522 3003 prosperi
1573 2937 1870 2978 armorum
1915 2918 2044 2978 An-

131 2994 308 3058 dreae
339 3020 658 3061 successus
687 3000 869 3063 Belae
893 3000 1097 3063 fratris
1121 3001 1311 3064 virtus
1343 3013 1497 3079 erat,
1545 3024 1716 3087 quem
1750 3023 1882 3063 cum
1913 3002 2041 3063 nul-

131 3080 246 3142 lam
292 3081 483 3145 adhuc
530 3083 660 3170 ipse
708 3109 781 3148 ex
827 3089 1082 3172 conjuge
1127 3088 1457 3150 Anastasia
1512 3099 1682 3174 patre
1725 3087 2044 3150 Jaroslavo

132 3168 329 3229 Russo
370 3169 573 3252 genita
603 3169 785 3233 filium
823 3172 1219 3258 suscepisset,
1265 3172 1421 3236 facta
1459 3172 1511 3236 ei
1561 3195 1668 3258 spe
1706 3170 1974 3258 potiundi
2011 3194 2046 3233 a

131 3264 322 3314 morte
364 3265 473 3315 sua
509 3254 710 3340 regni,
744 3278 821 3319 ex
860 3257 1108 3320 Polonia
1146 3257 1482 3343 adjumento
1516 3256 1663 3333 sibi,
1719 3278 1850 3318 cum
1889 3257 2046 3319 omni

131 3336 349 3399 familia
390 3351 682 3402 evocarat.
726 3344 923 3426 Hujus
969 3365 1150 3428 opera
1187 3342 1387 3420 bellis,
1437 3365 1587 3428 quae
1626 3340 1905 3428 deinceps
1972 3341 2047 3406 ad

132 3421 654 3510 redintegrandum
703 3428 1050 3524 Hungariae
1094 3426 1458 3490 territorium
1500 3427 1698 3513 gessit
1721 3476 1736 3504 ‚
1797 3428 2047 3492 feliciter

133 3530 299 3583 usuS‚
337 3521 394 3572 et
415 3509 715 3594 Syrmium
747 3511 1135 3576 revindicavit
1167 3525 1226 3576 et
1253 3512 1531 3577 Croatiae
1561 3512 1776 3577 limites
1807 3513 1879 3577 ad
1905 3517 2046 3591 Zet7
