2358 3874
1993 240 2114 296 163

180 381 262 444 sit
283 387 357 460 ¹);
388 379 449 440 in
478 377 799 462 Hungaria
827 399 971 441 vero
1002 376 1132 463 egit
1160 377 1360 463 paullo
1391 375 1569 439 etiam
1620 376 1907 462 apertius,
1942 400 2114 442 nemo

178 478 244 529 ut
296 464 448 527 alter
512 484 620 547 per
668 461 923 547 collegia
975 463 1367 526 Sacerdotum
1421 461 1792 557 deligeretur
1839 462 2115 537 Praesul,

178 571 351 635 quam
384 569 557 632 quem
590 547 721 633 ipse
754 558 1026 634 optasset
1057 546 1310 610 maxime
1331 554 1400 624 2).
1447 548 1560 609 Cul
1592 545 1827 632 quidem
1848 545 1975 630 juri
2005 569 2115 608 suo

175 632 544 719 generatim3
622 630 778 717 quod
850 653 994 693 vero
1062 630 1137 693 ad
1195 631 1550 694 Pontificem
1610 630 2116 716 strigoniensem,

174 717 687 803 Agriensemque:
733 713 847 779 hoc
886 714 1109 777 institit
1138 715 1400 792 firmius,
1450 715 1587 801 quia
1618 715 1671 777 is
1702 712 1928 802 primus
1959 713 2117 778 inter

177 802 492 887 Principes
524 813 691 863 esset
719 800 992 864 Eclesiae
1027 801 1415 885 Hungaricae
1454 800 1727 886 idemque
1757 800 2116 887 praecipuus

175 887 368 972 Regis
400 885 799 950 Consiliarius
828 892 911 965 3);
959 882 1056 945 hic
1087 897 1304 962 autem,
1343 886 1397 947 si
1429 886 1562 970 quis
1594 889 1832 971 Regum
1864 899 2119 971 quatuor

175 970 426 1034 haberet
458 970 642 1044 filios,
675 992 889 1032 munus
924 969 1197 1032 Eclesiae
1241 993 1387 1032 suae
1434 991 1542 1055 per
1588 982 1833 1033 sanctos
1880 970 2119 1033 manda-

176 1069 303 1119 tum
349 1059 571 1141 RegeS,
623 1067 688 1116 ut
741 1065 1016 1140 quartum
1065 1053 1421 1131 custodiret,
1471 1054 1641 1140 eique
1687 1055 1817 1117 loco
1859 1055 2112 1118 nutricis

178 1139 590 1204 conservatrix
619 1152 786 1202 esset
816 1152 876 1203 et
906 1138 1222 1224 magistra,
1254 1150 1566 1226 praestare
1598 1151 1908 1204 teneretur
1933 1147 2004 1218 4).

359 1380 626 1441 1),Kat0na
656 1378 718 1428 Η.
755 1378 876 1428 Crit.
911 1379 969 1428 T.
1003 1380 1057 1429 V.
1092 1396 1144 1445 p.
1184 1378 1364 1430 1059.

352 1467 399 1526 2)
432 1465 489 1514 C.
522 1463 582 1512 D.
615 1463 691 1512 1V.
726 1479 776 1527 p.
817 1457 938 1513 364
971 1479 1084 1512 cum
1125 1465 1186 1514 de
1232 1465 1430 1529 antiqua
1469 1473 1518 1514 et
1556 1465 1792 1530 aprobata
1826 1465 1964 1530 regni
1996 1481 2122 1515 con—

175 1549 434 1599 suetudine
464 1549 514 1597 in
539 1547 862 1597 electionibus
883 1547 1178 1599 Pontificum
1212 1565 1449 1599 assensus
1483 1550 1630 1614 Regis
1655 1547 1830 1599 debeat
1860 1548 2118 1614 postulari.

355 1635 402 1695 3)
435 1633 559 1682 lbid.
592 1633 668 1681 Vl.
703 1647 754 1696 p.
794 1626 932 1682 146.

352 1720 401 1779 4)
435 1717 491 1767 C.
524 1717 583 1766 D.
618 1717 694 1765 lv.
727 1733 772 1766 V.
809 1713 865 1766 3.
900 1732 951 1781 p.
989 1714 1065 1768 33
1102 1725 1150 1767 et
1182 1719 1236 1767 V.
1270 1735 1313 1767 v.
1355 1716 1408 1767 1.
1442 1735 1493 1783 p.
1535 1715 1672 1770 153.
1713 1718 1787 1768 Ex
1819 1719 1997 1783 quibus
2028 1735 2123 1783 ap—

174 1808 314 1868 paret
345 1817 403 1851 ex
434 1798 658 1851 instituto
692 1800 779 1850 SS.
814 1801 916 1850 RR.
959 1810 1160 1852 vacante
1194 1802 1320 1852 Sede
1352 1803 1573 1866 Agriensi
1615 1803 1927 1867 deligendum
1971 1804 2122 1853 fuisse

175 1887 482 1952 Episcopum
512 1884 773 1935 nobilem
815 1901 1067 1949 genere,
1119 1894 1167 1935 et
1200 1886 1357 1951 juris
1399 1887 1688 1951 peritum;
1731 1886 1847 1937 huic
1879 1887 2120 1937 decimam

176 1972 236 2021 de
266 1971 483 2036 poledris
525 1985 580 2019 ea
621 1971 727 2034 lege
759 1970 1028 2032 addictam,
1071 1979 1125 2021 ut
1164 1972 1287 2020 haec
1318 1971 1416 2022 filio
1449 1972 1596 2036 Regis
1628 1979 1743 2021 nato
1769 1972 1843 2021 vel
1866 1973 2118 2022 nascituro

176 2064 480 2116 reservetur,
525 2055 735 2104 deducta
777 2061 914 2119 parte
952 2056 1095 2105 tertia
1131 2056 1384 2120 Episcopo
1422 2057 1644 2120 Agriensi
1695 2063 1800 2117 „ut
1839 2073 1952 2107 cum
1994 2050 2146 2107 filius*

174 2141 322 2207 Regis
352 2140 413 2189 ad
433 2145 650 2208 aetatem
683 2140 961 2204 pervenerit
988 2139 1281 2205 legitimam,
1318 2141 1728 2206 superabundans
1758 2142 1808 2191 in
1843 2143 1980 2207 equis
2013 2143 2121 2191 exi-

178 2232 297 2287 stat,
336 2231 386 2275 et
414 2223 683 2275 Patronum
714 2223 938 2274 Eclesiae
968 2225 1219 2290 Agriensis
1251 2240 1304 2275 se
1336 2230 1677 2290 cognoscat“.

1056 2419 1099 2495 ς
1144 2422 1242 2478 28.

224 2571 301 2619 ita
348 2575 552 2622 cetera
600 2584 729 2629 sua,
778 2569 1075 2635 regnique
1123 2570 1255 2635 jura
1302 2577 1512 2620 contra
1559 2571 1882 2637 Principes
1927 2570 2080 2622 alios

352 2727 501 2790 Bela
531 2738 764 2789 tantum
795 2727 950 2813 quod
982 2750 1267 2791 reversus
1300 2751 1374 2790 ex
1404 2729 1708 2792 Dalmatia
1739 2742 1863 2806 est,
1895 2731 2122 2793 Veneti

179 2813 429 2878 Jadram
486 2824 868 2898 occuparunt.
914 2816 1089 2874 Hanc
1133 2813 1288 2897 quod
1329 2813 1463 2876 duci
1498 2813 1718 2896 bellum
1758 2814 2123 2900 in‘longius,

182 2921 325 2961 cura
341 2896 696 2980 Hungariae
727 2896 1157 2960 instaurandae
1195 2921 1312 2960 non
1352 2897 1694 2973 admiserat,
1728 2898 1801 2959 iis
1833 2911 1958 2961 tum
1993 2918 2122 2961 ces-

183 3005 342 3056 sam,
387 3003 437 3041 a.
470 2988 635 3042 1252
669 2981 912 3068 recepit.
960 2982 1142 3044 Prius
1187 2982 1374 3059 enim,
1423 3005 1573 3067 quae
1603 2983 1951 3046 Fridericus
1981 2987 2125 3046 Dux

181 3063 475 3130 Austriae
524 3075 584 3125 et
615 3077 791 3128 antea
835 3079 894 3128 et
926 3064 1062 3128 dum
1092 3067 1223 3153 ipse
1265 3068 1328 3128 in
1365 3065 1638 3154 partibus
1671 3068 1983 3130 maritimis
2023 3068 2125 3128 ab·

185 3163 371 3224 esset,
403 3147 648 3234 perfide,
682 3172 979 3236 avareque
1009 3151 1067 3212 in
1090 3152 1409 3237 Hungaria
1439 3152 1586 3237 egit,
1620 3153 1858 3214 ulturus
1882 3158 1927 3230 1)
1951 3174 2125 3213 exer-

367 3351 409 3410 1)
442 3348 585 3398 Hunc
624 3349 739 3397 Bela
786 3348 836 3397 in
874 3348 946 3398 lit.
988 3363 1032 3396 a.
1081 3341 1240 3397 1255
1295 3343 1604 3412 „specialem
1657 3360 1800 3398 suum
1846 3345 2120 3408 inimicum,

184 3433 420 3497 regnique
463 3432 877 3494 insidiatorem“;
929 3432 977 3481 in
1026 3432 1133 3481 aliis
1186 3432 1245 3481 de
1300 3429 1460 3482 1256
1513 3432 1818 3497 „capitalem
1867 3433 2120 3483 inimicum

189 3522 381 3566 suum“
416 3525 573 3566 vocat.

1618 3599 1638 3648 1
1662 3599 1680 3648 1
1709 3595 1738 3622 ‘³‘
