2358 3874
291 223 413 278 160

293 358 624 421 decesserit
673 368 732 418 et
781 375 888 416 nec
925 371 1198 426 uxorem,
1257 374 1368 413 nec
1403 351 1587 426 filios,
1634 371 1743 412 nec
1781 359 2077 434 cognatos
2127 348 2236 411 ha-

293 442 518 518 buerit,
570 441 720 502 duae
772 449 976 524 partes
1016 456 1215 496 rerum
1254 458 1497 496 suarum
1544 457 1652 520 per
1694 434 1856 496 viros
1899 431 2236 518 fidedignos

295 526 542 588 consilio
573 525 804 587 Civium
842 520 917 583 ad
951 519 1063 582 hoc
1097 517 1436 603 deputatoS,
1475 517 1838 605 pauperibus
1875 531 1934 581 et
1960 518 2237 581 Eclesiae

295 611 572 674 Civitatis
610 606 876 693 ejusdem
913 601 1379 681 distribuantur,
1429 602 1608 666 tertia
1642 625 1786 664 vero
1823 625 1965 688 pars
2008 601 2082 664 ad
2123 602 2237 665 uti-

296 696 520 758 litatem
566 691 843 755 Civitatis
892 696 1293 751 reservetur“
1348 710 1522 750 nemo
1571 708 1829 772 unquam
1880 689 2053 750 Juris
2101 710 2238 750 con-

297 780 591 841 sultorum
639 772 993 859 Hungariae
1055 782 1218 847 erat,
1281 771 1380 856 qui
1429 771 1654 835 liberae
1710 770 1878 832 urbis
1921 770 2238 858 privilegio

296 886 413 932 non
455 861 659 923 inesse
694 871 912 921 natura
949 857 1466 941 interpretaretur.
1511 859 1658 919 Non
1694 854 1894 939 itaque
1927 856 2240 940 Tyrnavia

294 959 524 1009 tantum
550 993 565 1022 ,
616 943 724 1006 sed
766 942 989 1005 liberae
1028 939 1321 1002 Civitates
1374 963 1644 1026 quaeque
1689 940 1906 1003 fundos
1955 940 2239 1018 urbanos,

295 1032 347 1093 si
383 1030 597 1093 haeres
638 1027 983 1113 legitimus,
1027 1036 1130 1087 aut
1163 1036 1588 1088 testamentum
1628 1025 1893 1102 deesset,
1929 1037 2066 1108 ante
2104 1048 2240 1107 con-

296 1115 455 1179 ditos
503 1136 735 1200 quoque
794 1124 905 1174 art.
952 1115 1052 1172 35.
1091 1115 1259 1171 1638
1309 1121 1369 1171 et
1413 1117 1509 1173 16.
1548 1117 1717 1173 1649
1772 1133 1890 1171 usu
1941 1109 2243 1173 constanti

296 1223 440 1263 suos
477 1201 777 1271 fecerunt,
818 1208 884 1258 ut
923 1194 1069 1257 adeo
1105 1195 1210 1277 jus
1259 1191 1372 1269 hoc
1412 1194 1571 1281 apud
1615 1193 2071 1278 Zagrabienses
2122 1216 2242 1256 non

293 1286 443 1346 Bela
460 1286 571 1346 IV.
612 1279 1051 1345 conditionibus
1082 1277 1375 1363 expositis
1413 1280 1612 1365 paullo
1652 1291 1791 1342 ante
1826 1277 2240 1357 restrinxisse,

296 1368 403 1432 sed
442 1368 609 1455 ipsos
646 1365 984 1452 primaevos
1020 1362 1321 1449 hospiteS,
1363 1362 1518 1425 hanc
1553 1363 1697 1441 sibi,
1740 1363 2122 1450 posterisque
2158 1363 2240 1427 le-

296 1476 435 1538 gem
484 1451 623 1538 poni
675 1450 961 1525 voluisse,
994 1445 1122 1511 veri
1163 1446 1244 1509 sit
1276 1447 1641 1511 simillimum
1666 1459 1729 1527 1).
1775 1451 1870 1511 De
1902 1472 1969 1512 re
1999 1447 2243 1511 militari

295 1538 451 1600 idem
492 1537 694 1612 Belae,
737 1534 894 1621 quod
936 1534 988 1596 d.
1029 1530 1322 1677 Stellihani
1358 1532 1499 1610 suit,
1544 1533 1863 1596 consilium
1899 1533 1959 1595 in
2003 1533 2240 1621 privile—

297 1622 400 1706 gio
437 1644 545 1708 per
591 1619 751 1682 hunc
799 1617 1048 1681 Civibus
1091 1618 1150 1677 A
1180 1615 1470 1679 bensibus
1533 1641 1823 1680 concesso
1870 1640 2241 1705 expressum.

295 1710 389 1768 Ex
430 1729 544 1791 quo
578 1703 1031 1789 Zagrabienses
1082 1698 1156 1761 ad
1205 1700 1563 1779 exercitum,
1613 1725 1785 1788 quem
1828 1705 1960 1766 Rex
2003 1701 2242 1789 inpar-

295 1802 390 1853 tes
451 1788 780 1851 maritimas
840 1799 943 1849 aut
996 1783 1368 1848 Carinthiam
1428 1787 1524 1848 vel
1584 1785 1905 1849 Austriam
1966 1786 2239 1861 duceret3

295 1874 611 1937 Budenses
667 1873 728 1933 in
780 1894 1013 1934 omnem
1070 1868 1359 1955 ejusmodi
1405 1871 1867 1958 expeditionem,
1911 1870 2028 1950 „in
2067 1893 2243 1958 quam

296 1962 428 2023 Rex
463 1956 862 2044 personaliter
901 1955 1066 2018 iret“
1115 1954 1317 2017 decem
1353 1955 1606 2030 milites3
1651 1955 1965 2041 Tyrnavia
2005 1955 2077 2019 de
2107 1978 2243 2019 cen-

296 2056 423 2106 tum
459 2041 872 2104 mansionibus
913 2062 1095 2102 unum
1127 2038 1364 2102 mittere
1406 2040 1729 2115 debebant3
1767 2040 2098 2126 Privilegio
2137 2039 2242 2102 hu-

287 2131 390 2213 jus
430 2127 688 2190 disserte
738 2125 939 2188 addita
980 2124 1094 2187 hac
1135 2125 1438 2202 cautione,
1483 2138 1550 2187 ut
1595 2124 1704 2201 „in
1742 2125 2100 2202 exercitum,
2148 2125 2243 2187 eui

297 2217 427 2276 Rex
467 2210 868 2299 personaliter
903 2233 1023 2273 non
1040 2209 1400 2287 interfuerit,
1420 2213 1626 2272 venire
1650 2231 1725 2272 ne
1750 2209 2243 2296 compellantur“.

479 2473 522 2531 1)
556 2470 698 2528 Quod
731 2469 791 2519 de
822 2469 1074 2533 privilegio
1108 2470 1507 2521 Cassoviensium
1543 2470 1689 2531 item,
1725 2469 1859 2535 quod
1890 2467 2241 2519 eandemtfor-

298 2556 477 2605 mulam
512 2554 756 2615 continet,
791 2553 1034 2603 existimo.

1171 2749 1214 2826 ς
1258 2749 1359 2808 25.

654 2914 878 2949 summa
922 2899 1119 2964 legum
1166 2900 1532 2965 scriptarum
1577 2898 1757 2949 Belae
1804 2897 1880 2948 IV.

472 3057 621 3119 Bela
659 3059 924 3119 Decreto
979 3080 1029 3118 a.
1081 3065 1247 3121 1267
1303 3081 1412 3144 per
1469 3081 1537 3121 se
1594 3055 1870 3142 filiosque
1912 3054 2239 3142 juramenti

300 3142 477 3205 etiam
513 3140 807 3227 religione
841 3141 1094 3218 firmato,
1121 3145 1266 3227 jura
1306 3142 1611 3219 nobilium,
1653 3154 1714 3205 et
1743 3139 2122 3227 specialiter:
2161 3162 2237 3202 ne

300 3226 372 3290 de
415 3226 651 3313 populis
696 3248 899 3289 eorum
941 3249 1348 3323 quaecumque
1391 3227 1576 3325 recipi
1632 3227 1951 3302 collectae,
2002 3236 2107 3286 aut
2142 3246 2236 3286 ra-

298 3312 459 3375 tione
503 3313 833 3375 descensus
893 3311 1132 3398 allquod
1188 3313 1262 3374 iis
1307 3311 1529 3399 imponl
1589 3335 1776 3385 onus3
1830 3307 2235 3372 vel-Nobiles

299 3396 434 3482 ipsi,
479 3395 595 3458 nisi
637 3395 730 3459 die
776 3419 994 3459 causae
1033 3396 1308 3460 dictionis
1349 3397 1517 3484 prius
1554 3396 1910 3471 constituta,
1948 3393 2234 3469 damnari,

302 3480 586 3565 invitique
621 3480 691 3542 ad
726 3480 913 3558 bella,
956 3504 1107 3566 quae
1144 3481 1639 3568 acquirendorum
1681 3501 2005 3567 regnorum
2051 3500 2236 3541 causa
