2358 3874
1962 231 2041 286 79

138 370 259 432 riae
300 368 608 428 conferret.
675 367 766 427 De
810 388 922 449 quo
960 378 1271 451 postquam
1319 365 1582 427 Manueli
1635 366 1922 443 innotuit,
1969 367 2042 430 ad

135 475 295 517 arma
319 464 572 527 ventum,
597 472 896 537 propeque
929 463 1083 526 erat,
1115 463 1179 512 ut
1209 450 1413 513 eodem
1445 462 1709 537 tempore
1753 474 1884 513 cum
1907 453 2039 514 Fri-

136 538 330 602 derico
372 560 602 622 quoque
643 535 1005 598 Aenobarho
1056 539 1419 621 Imperatore
1463 537 1842 613 Germaniae,
1889 537 2043 623 quod

134 623 227 685 hic
263 647 399 686 mox
441 621 514 683 ab
551 621 1005 706 inauguratione
1043 643 1152 682 sua
1197 621 1269 683 ad
1307 621 1517 683 bellum
1559 623 1909 707 Hungariae
1956 623 2040 684 in-

134 708 434 771 ferendum
471 707 921 792 accingebatur,
958 705 1294 768 decertandi
1333 719 1498 769 esset
1529 709 1878 771 necessitas
1909 711 2042 770 Pax

137 793 332 879 itaque
373 815 503 855 cum
532 793 808 854 Manuele
839 790 1148 864 festinata3
1185 791 1411 854 interea
1449 816 1610 870 vero,
1648 791 1784 854 dum
1824 793 1894 856 de
1930 792 2041 855 hac

133 879 431 954 confieret,
468 876 807 940 Fridericus
845 876 1105 961 aequiori
1139 877 1478 963 Principum
1514 878 1750 965 Imperii
1796 879 2039 942 consilio

133 988 166 1026 a
195 964 499 1051 proposito
530 975 810 1026 avocatus
848 974 954 1024 est.

989 1183 1030 1259 ς
1078 1186 1172 1241 15.

342 1337 569 1386 viribus
614 1336 755 1385 licet
800 1335 1149 1399 proditione
1194 1335 1453 1385 fratrum
1493 1336 1839 1397 labefactiS,

296 1495 589 1571 AlteriuS,
630 1495 784 1581 quod
827 1518 980 1557 anno
1013 1502 1174 1557 1154
1211 1495 1367 1558 inter
1396 1498 1663 1581 Geyzam
1703 1510 1761 1559 et
1793 1500 2039 1559 Manue-

128 1584 241 1644 lem
275 1581 594 1657 recruduit,
633 1581 770 1644 belli
807 1603 987 1642 causa
1020 1580 1404 1643 Andronicus
1435 1581 1713 1645 Caesaris
1742 1581 2042 1644 consobri-

127 1691 270 1743 nuS,
325 1668 543 1729 fratres
587 1666 725 1729 item
769 1669 1015 1751 Geyzae
1049 1665 1392 1753 Stephanus
1429 1679 1488 1730 et
1521 1667 1860 1744 Ladislaus,
1906 1690 2040 1753 pro-

127 1752 367 1816 ditionis
398 1753 671 1837 utrinque
694 1751 780 1814 rei
803 1751 1056 1814 suerunt.
1079 1753 1188 1815 llle
1222 1752 1405 1837 Regi,
1448 1756 1500 1814 si
1548 1753 1620 1816 ad
1652 1753 2041 1817 invadendum

125 1838 431 1936 imperium
492 1836 706 1899 auxilio
766 1836 880 1898 sibi
946 1850 1137 1913 esset,
1198 1836 1448 1899 Nissam
1512 1850 1571 1900 et
1626 1838 2040 1917 Branizobam,

132 1924 345 2010 qulbus
370 1924 566 2010 paullo
606 1935 743 1984 ante
787 1946 894 2008 per
917 1923 1251 1986 Manuelem
1288 1924 1625 2010 praefectus
1663 1936 1774 2002 est,
1806 1925 2041 2011 pollice—

132 2010 333 2083 batur3
397 2009 454 2071 hi
492 2008 619 2095 pari
661 2007 977 2094 cupiditate
1015 2007 1347 2071 dominatus
1380 2008 1721 2095 periculum,
1750 2009 1901 2095 quod
1926 2013 2040 2072 Im-

132 2095 390 2181 peratori
427 2094 776 2170 immineret,
817 2093 955 2155 huic
993 2093 1366 2170 denunciant,
1409 2107 1466 2157 et
1501 2107 1796 2181 tamquam
1832 2118 2040 2181 parum

131 2193 295 2243 esset
322 2180 546 2266 polluto
579 2180 667 2241 sic
697 2179 1110 2242 sanctissimae
1134 2179 1588 2243 necessitudinis
1611 2184 1767 2266 jure,
1791 2180 2041 2267 patriam

132 2289 361 2352 quoque
395 2265 758 2352 prodidisse,
801 2287 931 2326 cum
973 2289 1090 2328 non
1129 2265 1347 2351 exigua
1380 2269 1807 2351 Hungarorum
1845 2290 2039 2344 mann,

130 2352 290 2414 velut
312 2349 663 2438 proditionis
709 2349 947 2413 obsides
991 2349 1063 2412 ad
1092 2351 1432 2413 Manuelem
1477 2351 1837 2429 concedunt,
1878 2351 2036 2413 huic-

133 2460 245 2522 que
284 2436 437 2499 bello
475 2449 681 2499 contra
716 2436 978 2510 fratrem,
1010 2437 1444 2524 popularesque
1472 2437 1761 2500 concitato
1804 2461 2041 2536 operam

130 2534 362 2584 navant.
398 2524 588 2584 Varia
621 2520 734 2583 hoc
763 2520 1037 2606 utrinque
1078 2535 1316 2607 gestum
1350 2524 1615 2595 fortuna3
1654 2546 1805 2585 anno
1841 2525 2050 2609 itaque

132 2614 297 2669 1156
340 2619 540 2669 mutua
569 2607 871 2669 voluntate
910 2608 981 2670 ad
1024 2607 1435 2671 deliberandas
1478 2608 1641 2694 pacis
1678 2608 2047 2671 conditiones.

130 2692 507 2766 descensum3
561 2716 634 2755 ex
669 2690 762 2753 his
801 2693 1117 2779 praecipua
1156 2693 1343 2754 fuisse
1386 2693 1641 2770 videtur,
1687 2717 1761 2756 ne
1795 2694 2038 2756 Manuel

127 2777 301 2924 Reffi,
338 2778 583 2840 fratrum
624 2801 865 2841 suorum
902 2801 1113 2856 causa,
1154 2778 1467 2865 quidquam
1510 2777 1783 2866 deinceps
1821 2778 2037 2842 hostile

127 2885 221 2926 mo
247 2875 445 2927 lretur.

986 3041 1026 3117 §
1075 3044 1169 3099 16.

711 3191 1002 3256 integram
1050 3193 1447 3243 conservavit.

301 3352 516 3436 Neque
543 3361 738 3412 tamen
771 3351 861 3413 vel
887 3374 991 3438 per
1022 3349 1163 3414 haec
1186 3351 1522 3436 Stephanus
1554 3350 1795 3415 fractior
1821 3351 2031 3428 anim0‚

130 3435 241 3499 imo
279 3436 336 3498 in
377 3435 681 3499 conflanda
704 3438 947 3520 Geyzae
983 3436 1202 3499 invidia
1235 3436 1533 3500 ardentior
1560 3436 1685 3499 fuit.
1733 3437 2031 3522 Byzantio

132 3522 280 3583 enim
334 3521 406 3583 ad
456 3520 821 3584 Fridericum
857 3525 1279 3607 Imperatorem
1333 3544 1399 3583 se
1447 3521 1717 3600 abstulit,
1761 3522 2032 3608 huncque
