2358 3874
283 221 405 279 130

278 361 480 443 reipsa
546 357 767 418 factum
841 374 957 412 non
1023 371 1392 434 magnopere
1452 351 1781 423 confirmo;
1864 347 1922 411 id
1987 351 2215 413 certum

280 454 405 504 est:
451 464 567 504 non
610 436 797 522 Regi,
849 457 966 497 non
1010 431 1351 495 Baronibus
1402 434 1533 518 ejus
1577 438 1858 519 majorem
1914 433 2215 520 deincepS,

277 549 450 611 quam
505 537 680 587 antea
719 519 875 605 justi
927 516 1175 603 aequive
1214 516 1534 593 rationem,
1587 531 1691 582 aut
1728 518 2010 604 peccandi
2048 542 2215 583 vere-—

280 609 549 672 cundiam
599 606 805 669 fuisse.

1152 721 1194 795 §
1239 722 1341 778 28.

277 879 391 927 imo
445 882 657 925 contra
702 874 928 923 clarum
976 886 1176 920 earum
1231 885 1474 920 sensum
1531 870 1922 934 peregrinum
1976 869 2217 919 libero-

362 976 486 1010 rum
534 958 833 1009 Comitum
888 955 1234 1005 institutum
1291 954 1422 1019 ejus
1467 955 1715 1004 maxime
1760 953 2131 1019 Privilegiis

1008 1039 1313 1089 excultum
1361 1046 1474 1088 est.

448 1201 749 1263 Collectas
782 1219 1002 1280 cogere
1030 1195 1314 1258 Andreas
1333 1199 1410 1257 11.
1442 1219 1561 1258 non
1593 1209 1752 1272 ante,
1790 1218 1967 1281 quam
1999 1195 2217 1273 vivere,

276 1285 485 1361 desiit,
519 1296 578 1346 et
620 1304 793 1367 quem
825 1280 960 1343 olim
994 1279 1352 1356 divitiarum,
1384 1303 1514 1343 eum
1546 1303 1728 1343 unum
1759 1280 2034 1367 perpetui
2075 1304 2217 1367 quo-

278 1393 392 1455 que
421 1367 631 1433 tributi
660 1366 836 1450 hujus
869 1368 1026 1451 cepit
1055 1365 1345 1440 fructum,
1378 1364 1685 1427 adsuetam
1730 1388 1766 1427 a
1795 1387 1982 1451 puero
2020 1365 2217 1452 prodi-

277 1452 547 1539 galitatis
577 1452 972 1536 voluptatem3
1015 1448 1134 1511 nisi
1163 1448 1318 1511 sorte
1364 1449 1423 1510 in
1465 1449 1700 1512 condito
1741 1448 1896 1535 apud
1923 1451 2217 1513 Austrios

274 1536 639 1615 monasterio
671 1533 978 1597 Steinensi
1010 1532 1312 1596 meliorem
1343 1533 1691 1596 facultatum
1723 1556 1968 1596 suarum
1998 1534 2218 1597 fecisse

275 1645 451 1683 usum
481 1619 806 1683 existimes,
837 1617 1002 1681 ldem
1035 1618 1453 1714 aequalitatem
1484 1618 1760 1704 politicae
1797 1618 2098 1681 libertatis
2127 1620 2215 1680 in-

275 1719 615 1777 staurasse3
660 1703 879 1765 limites
912 1702 1288 1764 auctoritatis
1323 1703 1732 1764 Palatinorum
1795 1703 2086 1766 rotulisse
2131 1702 2217 1765 vi-

274 1788 467 1864 detur,
487 1801 553 1850 ut
584 1811 717 1849 cum
747 1785 893 1848 nihil
924 1786 1198 1871 amplius,
1221 1785 1377 1871 quod
1408 1785 1677 1863 donaret,
1698 1810 1765 1848 re
1790 1787 1991 1872 iquum
2027 1800 2213 1864 esset,

275 1896 349 1936 ex
395 1871 614 1958 injuria
664 1872 868 1956 legum
916 1869 1129 1931 harum
1180 1871 1491 1933 materiam
1538 1870 1924 1957 largitionum
1972 1871 2214 1936 faceret.

274 1957 536 2019 Liberos
583 1954 814 2041 quidem
869 1954 1138 2017 Comites
1186 1955 1508 2040 Hungaria
1559 1955 1723 2018 novit
1760 1957 1884 2040 jam
1939 1956 2214 2034 antehac,

276 2041 382 2104 sed
415 2040 475 2102 hi
507 2063 714 2103 omnes
747 2051 882 2102 ortu
911 2039 1255 2125 peregrino,
1286 2039 1445 2125 iique
1474 2037 1589 2126 ipsi
1623 2052 1826 2119 erant,
1859 2063 2010 2126 quos
2041 2041 2214 2127 leges

273 2148 431 2187 nunc
462 2125 678 2187 citatae
725 2122 1138 2208 antiquissima
1169 2124 1372 2208 gentis
1413 2122 1484 2185 de
1517 2123 1881 2210 aequalitate
1913 2124 2215 2188 libertatis

272 2210 546 2296 politicae
578 2207 1007 2271 consuetudine
1039 2208 1230 2270 teneri
1279 2207 1560 2294 deinceps
1595 2209 1926 2272 voluerunt.
1973 2210 2214 2273 Consti-

273 2295 562 2356 tutionem
595 2292 748 2354 hanc
777 2292 1257 2356 illubentissimis
1298 2292 1395 2354 his
1437 2293 1627 2355 fuisse
1668 2305 2047 2370 renovatam,
2093 2318 2212 2357 non

272 2379 442 2440 valde
473 2376 864 2440 laborandum
895 2376 1039 2438 mihi
1071 2389 1195 2452 est,
1228 2388 1296 2438 ut
1327 2378 1622 2451 evincam3
1657 2381 1909 2440 Factum
1939 2377 2104 2455 hinc,
2147 2391 2214 2442 ut

273 2462 573 2548 precibuS,
607 2461 983 2538 auctoritate,
1030 2460 1278 2523 consilio
1310 2459 1524 2524 horum
1559 2485 1892 2548 persuasus
1926 2462 2212 2526 Andreas

271 2570 388 2609 non
434 2546 605 2608 modo
646 2545 1024 2631 privilegium
1069 2545 1459 2609 immunitatis
1503 2570 1538 2608 a
1581 2547 1711 2610 foro
1755 2546 2047 2624 Palatini,
2096 2571 2214 2633 qua

271 2630 654 2706 fruebantur,
690 2630 1101 2705 confirmaret,
1133 2651 1340 2692 verum
1372 2630 1625 2693 similem
1654 2630 1948 2716 hungaris
1979 2654 2211 2718 quoque

272 2715 572 2778 nonnullis
621 2713 977 2776 conferendo
1021 2714 1314 2799 gratiam,
1366 2715 1496 2801 ipse
1548 2715 1777 2801 primus
1823 2715 2212 2778 liberorum

274 2799 624 2861 Comitum
671 2798 1011 2861 instituisse
1055 2798 1328 2862 videatur
1368 2799 1671 2874 ordinem,
1714 2821 1962 2884 quorum
2005 2822 2076 2862 ea
2107 2800 2210 2862 ali-

271 2882 548 2966 quamdiu
590 2882 701 2944 suit
730 2883 1051 2968 praecipua
1079 2883 1504 2967 praerogativa
1523 2931 1538 2958 ,
1583 2895 1648 2944 ut
1679 2895 1889 2946 contra
1919 2883 2210 2948 constitu·

269 2967 491 3028 tionem
522 2967 814 3050 finemque
861 2967 1065 3051 legum
1096 2967 1327 3041 harum,
1350 2970 1410 3027 in
1443 2965 1715 3030 celeriori
1736 2967 2011 3052 justitiae
2026 2967 2209 3032 admi-

267 3049 623 3113 nistratione
666 3049 943 3126 defixum,
988 3050 1290 3113 conveniri
1309 3054 1447 3136 jure
1492 3074 1692 3114 coram
1729 3051 2007 3115 Palatino
2048 3052 2208 3116 haud

268 3147 536 3220 possent.
581 3136 789 3218 Atque
819 3133 968 3196 haec
998 3147 1331 3198 ceterarum
1363 3158 1597 3221 quoque
1625 3136 1840 3200 Bullae
1875 3159 2094 3201 aureae
2124 3137 2207 3200 le-

269 3242 412 3303 gum
452 3216 736 3290 conditio;
778 3219 944 3281 solus
981 3219 1266 3282 Andreas
1314 3219 1410 3281 sui
1450 3243 1750 3305 nunquam
1794 3230 1912 3284 non
1954 3221 2207 3294 similis3

270 3304 406 3388 quip
452 3327 483 3366 e
515 3304 670 3365 enim
707 3325 887 3388 saepe
919 3302 1095 3365 nimis
1127 3327 1301 3388 quam
1332 3327 1640 3390 praecepS,
1673 3305 1920 3391 saepius
1942 3329 2060 3368 non
2084 3317 2207 3368 tam

267 3386 404 3447 indu
432 3411 618 3471 genS,
674 3409 845 3471 quam
899 3388 1183 3473 ignavum
1235 3388 1590 3450 brevissima
1646 3401 1819 3452 erant
1869 3389 2202 3463 intervalla,

267 3470 479 3552 quibus
515 3472 805 3554 Princeps
840 3472 1181 3534 commodus
1216 3472 1339 3533 fuit.
