2280 3918
285 168 358 222 14

282 317 502 381 capitalis
534 318 835 377 sententiae,
870 326 924 368 ut
954 319 1180 384 deposito
1213 319 1498 384 paganismo
1530 322 1669 385 prius
1699 323 1771 372 eis
1802 338 2043 374 concesso
2081 323 2203 391 (??)

279 403 339 452 ad
374 417 532 453 veram
579 403 761 453 Christi
794 403 939 453 fidem
974 411 1350 466 reverterentur,
1399 413 1448 454 et
1477 406 1526 455 in
1558 406 1786 458 omnibus
1825 410 2097 460 secundum
2130 410 2204 459 le-

277 503 386 550 gem
419 488 548 538 illam
579 489 809 547 viverent,
854 477 1003 553 'quam
1041 506 1081 538 s.
1118 489 1218 540 Rex
1252 490 1528 555 Stephanus
1562 506 1647 539 eos
1679 492 1928 543 docuerat.

1161 683 1303 759 §z

747 836 817 885 ad
862 851 1143 886 summam
1187 837 1422 887 laudum
1469 853 1735 898 suarum,

447 995 726 1060 Andreas
749 995 1043 1082 religione
1070 997 1309 1083 templis
1325 1046 1340 1075 ,
1386 997 1793 1084 tranquilitate
1820 999 2048 1086 patriae
2071 1001 2200 1066 red-

275 1082 397 1146 dita
446 1084 669 1160 claruS,
725 1083 897 1170 plura
939 1082 1052 1144 sub
1091 1081 1246 1145 idem
1282 1095 1516 1170 tempus
1556 1081 1629 1145 ad
1671 1085 2008 1149 memoriam
2058 1088 2202 1151 insi-

273 1170 445 1254 gnia,
493 1169 601 1233 sed
630 1168 743 1232 hoc
771 1168 844 1232 ad
866 1179 1212 1255 perpetuam
1240 1167 1494 1231 nominis
1527 1169 1632 1231 sui*
1645 1170 1799 1257 apud
1825 1169 2198 1238 Leodienses

273 1279 507 1341 quoque
539 1254 796 1341 gratiam
824 1252 989 1330 fecit,
1037 1253 1191 1340 quod
1223 1277 1298 1317 ex
1327 1250 1420 1316 his
1447 1254 1678 1341 plures,
1726 1256 1825 1343 qui
1854 1258 2056 1344 longa,
2108 1259 2194 1323 uti

271 1341 544 1404 Annales
583 1363 786 1404 eorum
821 1351 1156 1416 testantur,
1203 1338 1356 1402 fame
1397 1339 1594 1427 pressi
1634 1340 1706 1404 ad
1745 1365 1877 1405 eum
1917 1345 2196 1432 perfuge-

270 1439 427 1504 rant,
464 1440 523 1490 et
558 1425 786 1514 accepit
823 1425 1080 1513 prolixe,
1108 1437 1167 1488 et
1194 1425 1579 1490 fertilissimis
1605 1426 1763 1490 intra
1790 1429 1941 1492 fines
1966 1429 2195 1496 dioece-

270 1513 358 1575 sis
389 1511 717 1599 Agriensis
756 1509 997 1575 donavit
1026 1509 1254 1589 fundiS,
1300 1511 1360 1577 in
1392 1511 1610 1598 'quihus
1645 1513 1777 1577 loca
1808 1514 2016 1579 deinde
2053 1517 2195 1581 esso-

269 1611 544 1676 ruerunt,
593 1621 743 1685 quae
774 1597 977 1661 seculo
1014 1596 1192 1661 etiam
1212 1600 1358 1661 XV.
1389 1598 1572 1685 vulgo
1606 1599 1871 1696 gallica
1902 1601 2196 1666 vocaban-

268 1697 382 1748 tur.
429 1685 543 1747 His
576 1684 859 1748 Andreas
895 1683 1274 1771 praecepisse
1324 1683 1544 1759 fertur,
1598 1684 1866 1771 linguam
1907 1710 2077 1751 suam
2119 1711 2195 1752 ne

269 1770 660 1834 dediscerent.
713 1769 884 1848 Quod
922 1768 1006 1832 illi
1042 1768 1125 1832 ita
1168 1768 1591 1847 observarunt,
1651 1783 1717 1834 ut
1754 1771 1904 1849 „viri
1942 1777 2194 1860 Hunga-

267 1880 469 1920 rorum
498 1856 763 1943 linguam
793 1877 1031 1919 omnes
1060 1853 1475 1918 addiscerent“
1507 1856 1818 1935 mulieres,
1857 1858 2011 1944 quod
2041 1860 2196 1924 domi

267 1965 338 2005 se
381 1942 795 2019 continebant,
850 1941 1110 2005 nativam
1152 1941 1595 2006 conservarent.
1643 1949 1688 2022 ¹)
1751 1946 1942 2020 Quam
1981 1945 2193 2010 vellem

269 2051 472 2092 omnes
511 2028 790 2115 deinceps
828 2027 1098 2115 hospites
1127 2027 1530 2101 Leodienses3
1578 2040 1681 2091 aut
1709 2028 1908 2094 saltim
1941 2054 2056 2094 usu
2083 2032 2194 2094 lin-

267 2138 425 2200 guae
454 2114 683 2203 patriae
710 2136 929 2192 novae,
976 2112 1185 2177 horum
1219 2113 1497 2177 simillimi
1522 2113 1794 2179 fuissent.
1840 2115 1964 2181 Sed
1995 2115 2067 2181 de
2098 2115 2192 2181 his

267 2201 327 2263 in
364 2214 736 2266 transcursu.

650 2329 775 2336 ——----—

406 2391 449 2450 1)
497 2389 683 2439 Chron.
729 2388 881 2438 Corn.
924 2387 1148 2439 Zantssiet
1186 2389 1315 2455 apud
1352 2389 1569 2439 Martene
1601 2388 1660 2439 T.
1693 2389 1746 2439 V.
1781 2404 1832 2454 p.
1865 2382 2008 2439 2455.
2054 2389 2191 2440 Con-

268 2475 340 2524 ser
370 2490 482 2525 cum
513 2474 608 2535 his,
657 2489 780 2541 quae
813 2475 871 2524 Τ.
905 2474 981 2524 IV.
1018 2475 1077 2524 de
1107 2475 1259 2535 fame,
1300 2490 1425 2540 quae
1455 2482 1678 2541 tempore
1709 2474 1914 2525 Vazonis
1944 2474 2039 2541 Ep.
2073 2475 2193 2526 Gal-

266 2561 378 2612 liam
411 2560 819 2625 Germaniamque
851 2560 1136 2611 sexennium
1169 2560 1317 2611 assixit
1347 2569 1442 2611 cet.
1475 2577 1526 2626 p.
1564 2558 1724 2611 1066
1757 2568 1805 2610 et
1840 2557 2019 2611 1216.

1149 2756 1298 2833 §a

403 2909 758 2976 Hungariam
803 2925 909 2976 per
952 2907 1190 2960 Petrum
1235 2908 1495 2960 Henrico
1543 2907 1641 2960 ΙΙΙ.
1689 2906 2050 2975 Imperatori

601 2995 942 3061 depactam,
997 2995 1056 3045 in
1102 2995 1448 3046 libertatem
1494 2995 1840 3058 vindicavit;

434 3156 769 3234 Andream,
819 3169 882 3220 ut
918 3158 1230 3243 Hungaris
1275 3153 1504 3242 sibique
1544 3154 1867 3219 Henricum
1903 3154 2184 3244 placaret,

263 3242 399 3305 huic
430 3267 547 3331 ‘per
582 3244 819 3330 legatos
857 3263 1099 3307 censum
1135 3264 1419 3319 annuum,
1467 3263 1640 3329 quem
1678 3245 1902 3305 Petrus
1943 3241 2184 3329 pepige-

262 3341 357 3392 rat
379 3378 394 3406 ,
449 3329 738 3394 obtulisse
771 3333 1152 3394 Hermannus
1187 3340 1528 3392 contractus
1566 3327 1784 3403 refert,
1839 3328 1978 3415 quin
2045 3349 2179 3390 eum

263 3427 632 3502 acceptatum
665 3427 987 3479 asseveret.
1035 3419 1156 3480 Res
1189 3415 1273 3479 ita
1305 3414 1507 3479 habet:
1554 3417 1873 3478 Caesarem
1911 3435 2026 3475 non
2054 3416 2180 3500 jam

264 3524 507 3574 census,
556 3500 662 3563 sed
717 3501 1090 3587 occupandae
1130 3501 1480 3587 Hungariae
1522 3500 1941 3563 inflammatum
1983 3499 2179 3563 studio
