2358 3874
298 229 426 285 176

294 388 501 427 manos
532 365 783 426 maxime
815 362 1075 439 audiret,
1108 384 1228 423 non
1263 379 1430 424 vana·
1451 362 1511 423 in
1538 363 1751 458 plures
1783 360 2100 425 solicitudo
2134 361 2241 423 ist-

295 449 444 512 haec
471 448 749 525 incessit,
774 471 848 510 ne
879 470 987 533 per
1010 444 1515 509 necessitudinem
1534 458 1692 508 inter
1715 469 1863 524 eam,
1893 445 2242 544 populares-

295 557 409 620 que
442 534 552 596 hos
584 531 1047 596 intercedentem
1070 530 1539 628 familiaremque
1574 531 2090 607 consuetudinem,
2140 527 2243 591 ali-

297 619 449 704 quod
506 617 785 702 religioni
817 614 1283 701 disciplinaeque
1325 615 1687 678 christianae
1720 612 1994 677 damnum
2025 615 2243 702 impor-

297 714 545 766 taretur.
587 702 842 764 Comitia
880 700 1081 785 itaque
1112 698 1320 763 haberi
1351 700 1601 787 placuit,
1642 699 1885 785 quibus,
1918 723 2098 785 quum
2130 698 2247 761 alia

296 787 370 850 ad
401 786 839 849 reformandum
872 796 1095 847 statum
1126 786 1334 870 regni,
1377 796 1504 847 tum
1533 807 1678 847 vero
1709 784 1768 846 id
1801 782 1982 846 etiam
2023 782 2244 847 consti-

297 884 518 944 tutum,
560 870 827 956 perfecta
859 882 926 932 ut
956 869 1285 933 auctoritas
1308 869 1507 955 Regis
1538 892 1723 956 penes
1767 867 2120 932 Ladislaum
2151 891 2244 930 es-

299 968 411 1017 set.
454 954 571 1016 Hic
619 979 727 1041 per
775 967 1042 1041 temPuS,
1085 977 1201 1039 quo
1257 977 1522 1017 summae
1561 977 1761 1017 rerum
1800 965 2106 1040 praeerat,
2146 950 2245 1014 vix

299 1040 437 1102 dum
483 1038 835 1102 adolescens
874 1040 1096 1115 sactuS‚
1139 1038 1253 1101 etsi
1294 1061 1499 1101 errare
1531 1039 1706 1102 etiam
1748 1061 1880 1100 cum
1912 1036 2242 1101 excusatio-

299 1147 374 1186 ne
415 1137 622 1209 posset
651 1137 717 1200 2),
750 1123 1004 1208 plurima
1043 1147 1114 1186 ea
1164 1147 1297 1186 cum
1342 1123 1516 1186 laude
1557 1123 1786 1209 gessit,
1827 1135 1894 1185 ut
1942 1122 2249 1201 Simonem

300 1209 372 1271 de
406 1211 595 1284 Keza,
630 1208 766 1270 dum
802 1212 1028 1293 Regem
1071 1207 1227 1270 hunc
1279 1207 1651 1284 invictum,
1707 1206 2134 1283 animosum,
2188 1218 2249 1269 et

301 1317 359 1355 m
376 1292 780 1378 agnivolum
815 1293 1093 1378 appellat,
1119 1292 1431 1379 splendida
1454 1292 1693 1355 nomina
1723 1291 1873 1354 haec
1896 1314 2012 1354 non
2038 1314 2248 1354 assen-

300 1378 512 1441 tationi
560 1401 735 1455 suae,
785 1400 993 1440 verum
1047 1377 1276 1440 meritis
1326 1380 1456 1462 ejus
1497 1376 1757 1454 dedisse,
1800 1376 2059 1440 dubitari
2116 1398 2248 1438 cum

300 1462 535 1526 ratione
580 1485 696 1525 non
728 1461 925 1549 possit
953 1469 1023 1542 3).

303 1663 360 1696 ac
390 1647 497 1696 aliis
530 1646 762 1696 omnibus
792 1646 1070 1696 Beronibus
1101 1654 1150 1696 et
1180 1646 1438 1696 Nobilibus
1470 1646 1609 1710 regni
1640 1645 1799 1694 nostri
1829 1644 1997 1695 habito
2031 1645 2251 1710 diligenti

302 1737 540 1790 tractatu,
593 1737 775 1780 statum
815 1732 953 1795 regni
992 1731 1150 1780 nostri
1197 1731 1247 1779 in
1286 1731 1462 1779 melius
1509 1730 1823 1780 reformando
1863 1729 2251 1794 gubernaculum

303 1830 392 1864 seu
424 1815 602 1864 solium
633 1815 886 1879 regiminis
917 1815 1096 1875 nostri,
1129 1815 1304 1879 plene
1351 1823 1406 1864 et
1444 1815 1714 1879 perfecte
1747 1814 1909 1879 adepti
1942 1814 2250 1863 fuissemus“

306 1899 634 1948 Comitiorum
665 1899 843 1948 horum
876 1899 1103 1949 meminit
1133 1899 1183 1948 in
1215 1899 1287 1949 lit.
1324 1914 1521 1964 quoque
1554 1899 1610 1949 C.
1646 1899 1704 1948 D.
1739 1898 1840 1948 Vll.
1871 1903 1925 1949 'v.
1961 1896 2016 1949 2.
2051 1914 2104 1964 p.
2132 1895 2244 1948 121

312 1984 398 2032 sed
430 1999 614 2032 annum
647 1999 793 2033 nemo
826 1984 988 2034 adhuc
1018 1984 1254 2048 prodidit.

485 2070 532 2128 2)
564 2066 636 2116 lta
667 2069 726 2116 de
759 2083 817 2117 eo
851 2067 955 2133 jam
993 2068 1104 2117 fatis
1144 2069 1315 2118 functo
1348 2068 1559 2118 Ordines
1597 2068 1738 2132 regni
1775 2074 2000 2117 censent.
2051 2066 2155 2117 Art.
2193 2066 2249 2118 7.

312 2149 466 2201 1291
526 2152 683 2215 „quia
719 2152 960 2202 Dominus
1001 2152 1103 2202 Rex
1132 2151 1390 2218 Ladislaus
1428 2153 1478 2202 in
1519 2158 1676 2202 aetate
1713 2159 1882 2201 tenera
1928 2151 2019 2203 fuit
2060 2151 2254 2201 consti—

311 2241 514 2286 tutuS.“

486 2321 533 2381 3)
569 2321 780 2382 Laude5‚
822 2336 944 2386 quas
982 2321 1026 2371 ei
1063 2321 1307 2372 Henrieus
1345 2322 1405 2372 de
1441 2321 1629 2371 Isernia
1662 2320 1857 2382 tribuit,
1897 2319 1971 2370 lit.
2014 2320 2070 2370 C.
2103 2320 2163 2369 D.
2196 2321 2249 2369 V.

308 2421 351 2452 v.
395 2402 451 2454 2.
489 2421 539 2469 p.
584 2403 659 2454 70
696 2406 835 2455 datae
873 2406 1144 2456 continent.

1203 2585 1347 2660 §z

1039 2735 1243 2784 Martis
1289 2735 1505 2795 filium,

438 2888 680 2952 Foedus
701 2891 800 2953 ille
829 2913 960 2953 cum
980 2891 1295 2978 Rudolpho
1314 2892 1745 2977 Habsburgico
1766 2885 2058 2954 adversus
2080 2891 2253 2954 Otto—

310 2996 540 3050 carum,
578 2973 798 3036 violata
832 2987 1142 3061 pactorum
1183 2999 1315 3038 cum
1353 2973 1663 3063 Stephano
1699 2979 1780 3039 V.
1817 2975 2098 3038 initorum
2138 2973 2254 3036 fide

310 3058 628 3144 Hungaris
658 3058 943 3135 invisum,
985 3082 1094 3144 per
1121 3059 1441 3146 Principes
1482 3084 1624 3124 vero
1666 3059 1928 3147 Imperii,
1961 3057 2255 3122 communi

311 3165 443 3204 cum
489 3145 754 3205 Caesare
781 3141 911 3205 'hoc
942 3144 1279 3221 sententia,
1308 3143 1546 3208 hostem
1593 3145 1894 3232 publicum
1923 3143 2255 3229 judicatum

310 3250 465 3290 anno
487 3233 652 3290 1275
676 3227 980 3313 percussit
999 3227 1095 3290 his
1114 3228 1381 3314 legibus:
1411 3229 1636 3293 amicos
1665 3242 1725 3293 et
1742 3227 1973 3305 hostes,
1993 3241 2059 3291 ut
2080 3227 2253 3290 ambo

312 3333 592 3373 comunes
633 3310 951 3387 haberent3
1000 3326 1214 3376 neuter
1256 3313 1443 3377 invito
1497 3328 1599 3377 aut
1644 3313 2016 3401 imprudente
2063 3312 2252 3374 altero

310 3393 597 3471 inducias,
630 3408 733 3458 aut
763 3419 969 3482 pacem
1001 3420 1131 3460 cum
1166 3400 1458 3462 Ottocaro
1490 3399 1694 3472 iniret3
1728 3396 2165 3472 controversia,
2198 3395 2251 3456 si

312 3500 462 3561 quae
493 3480 695 3542 linium
725 3503 908 3542 causa
932 3481 1089 3544 inter
1115 3483 1491 3566 Hungariam
1519 3495 1577 3545 et
1604 3482 1921 3545 Austriam
1954 3478 2250 3566 Styriam-
