2358 3874
330 196 453 252 202

331 331 431 394 dit.
477 333 719 392 Nomen
748 330 863 392 hoc
894 329 1102 392 deinde
1133 329 1397 390 Polonos
1431 352 1664 414 quoque
1696 329 1769 391 ad
1802 329 2262 414 significandum

327 415 670 500 generalem
702 426 762 476 et
793 413 1191 475 universalem
1211 415 1584 474 Conventum
1609 412 1951 500 adoptasse,
1987 412 2261 476 eruditis-

329 499 516 561 simus
541 496 931 561 Cornidesius
951 499 1078 582 jam
1107 495 1335 583 pridem
1367 495 1624 560 advertit
1649 502 1718 576 2).

504 756 552 815 2)
582 753 724 804 Vind.
758 753 904 804 Belae
935 753 994 803 R.
1028 752 1141 803 Not.
1175 770 1226 820 p.
1262 753 1382 805 279
1417 762 1465 806 et
1497 770 1601 820 seq.

1198 948 1242 1023 g
1285 952 1386 1009 3⁰.

377 1097 711 1147 primaevae
763 1097 1098 1147 liberorum
1152 1098 1461 1148 hominum
1514 1100 1875 1166 aequalitati
1926 1100 2216 1166 politicae

533 1182 833 1243 communi
878 1180 1180 1232 Nobilium
1227 1184 1646 1248 appellatione
1692 1180 2063 1235 consultum.

496 1343 568 1401 ln
619 1340 860 1424 legibus
892 1341 1178 1405 Andreae
1217 1344 1353 1418 111.‚
1403 1342 1566 1404 nulla
1611 1366 1804 1428 neque
1846 1342 2268 1417 Servientium,

334 1446 526 1510 neque
563 1425 1015 1510 Jobhagionum
1055 1426 1260 1489 Castri
1314 1427 1612 1490 memoria.
1667 1428 1782 1503 Qui
1812 1427 2048 1514 priscae
2076 1429 2268 1511 Majo-

324 1533 456 1571 rum
487 1510 670 1571 aetati
700 1510 911 1574 liberi
942 1510 1260 1574 homines
1282 1510 1624 1591 (Szabados
1651 1511 1838 1591 felek)
1861 1515 1987 1597 jam
2007 1496 2268 1574 Nobiles

329 1594 704 1680 appellantur
735 1617 957 1657 omnes,
988 1599 1082 1657 Ex
1113 1594 1237 1671 his,
1271 1596 1345 1658 ad
1374 1599 1646 1658 Dravum
1689 1596 1789 1681 qui
1820 1596 2127 1670 colebant,
2161 1618 2269 1681 pro

327 1679 514 1740 veteri
553 1701 668 1739 usu
707 1679 769 1739 in
811 1679 1004 1741 literis
1035 1679 1304 1743 Mathaei
1335 1680 1486 1741 Bani
1531 1679 1602 1741 de
1643 1703 1693 1741 a.
1727 1687 1896 1743 127⁰
1945 1679 2269 1766 descripto,

326 1785 517 1846 usque
564 1760 758 1824 adhuc
800 1764 1120 1826 Praefecto
1166 1765 1506 1850 provinciae
1558 1764 1914 1827 descensum
1954 1765 2269 1850 praestite-

326 1859 484 1908 runt.
538 1849 674 1909 Hoc
715 1846 857 1909 item
898 1846 1230 1912 dissolvere
1275 1848 1539 1912 debitum
1578 1848 1863 1911 Andreas
1903 1848 1965 1921 in
1995 1848 2269 1911 Comitiis

329 1954 379 1992 a.
414 1938 577 1995 1291
614 1944 871 2015 rogatus
902 1933 1319 2029 percupiebat3
1351 1934 1549 2018 legem
1572 1933 1774 2019 itaque
1798 1933 1871 1997 de
1899 1933 2270 1996 immunitate

323 2014 457 2092 hae,
504 2038 641 2077 nam
686 2017 1116 2079 immunitatem
1164 2018 1354 2104 ipsam
1410 2018 1758 2081 Ludovious
1808 2018 2037 2104 primus
2087 2016 2263 2081 dedit.

325 2103 531 2184 Atque
562 2099 684 2177 hic,
739 2113 804 2164 ut
841 2100 1171 2164 videbimus
1213 2103 1352 2177 erit,
1404 2104 1504 2189 qui
1540 2102 1688 2164 illud
1727 2118 1962 2188 quoque
1999 2125 2109 2189 per
2135 2105 2269 2164 An-

330 2184 532 2247 dream
563 2188 671 2246 111.
706 2185 778 2248 ad
810 2186 1200 2272 reparandam
1242 2188 1479 2274 priseae
1522 2187 1844 2250 liberorum
1890 2187 2268 2272 aequalitatis

333 2270 611 2355 politicae
649 2270 926 2355 injuriam
974 2285 1310 2358 acceptum,
1370 2272 1449 2335 de
1511 2273 1855 2334 communi
1906 2271 2268 2334 Nobilium

329 2355 844 2438 appellatione,
885 2356 1224 2434 consilium,
1258 2357 1458 2420 addita
1507 2381 1661 2419 nova
1706 2356 1779 2419 ad
1826 2355 2270 2420 similitudinem

328 2438 696 2523 Scytharum
725 2439 1022 2503 Abiorum
1053 2442 1212 2527 lege,
1250 2446 1312 2504 in
1343 2442 1533 2505 solido
1576 2441 1904 2506 collocabit.

1201 2647 1244 2722 g
1289 2650 1390 2705 31.

328 2795 524 2845 Aetati
555 2796 943 2845 Monarchiae
991 2797 1368 2861 hungaricae
1413 2797 1666 2861 aequale
1697 2796 1836 2845 Fori
1881 2795 2065 2860 regii,
2100 2811 2268 2860 quam

500 2879 785 2929 Tabulam
832 2882 1052 2946 regiam
1094 2897 1410 2942 vocamus,
1457 2881 1695 2939 initi-um
1740 2880 1938 2929 literis
1985 2879 2111 2944 ejus

1118 2966 1482 3015 illustratur.

500 3121 710 3185 Sancti
742 3122 1035 3209 Stephani
1059 3123 1333 3188 Curiales
1358 3123 1623 3186 Comites
1654 3122 1862 3209 regni
1894 3123 1994 3209 qui
2022 3122 2267 3196 suerint3

331 3206 402 3269 de
434 3206 656 3270 Curiali
689 3207 830 3268 item
860 3207 1091 3272 Comite
1131 3210 1353 3293 Regis
1385 3208 1614 3293 majori,
1655 3221 1715 3272 et
1744 3208 1978 3284 minori,
2020 3230 2269 3294 quorum

331 3291 429 3352 ille
450 3290 733 3377 Sigillum
756 3295 947 3376 Regis
981 3316 1360 3372 conservare,
1389 3306 1449 3356 et
1480 3292 1712 3377 quando
1733 3293 1807 3356 ab
1828 3293 1992 3356 Aula
2012 3315 2269 3379 peregre

332 3374 630 3452 discessit,
659 3377 873 3439 minori
905 3379 1042 3440 huic
1072 3379 1408 3463 relinquere
1438 3378 1711 3455 debebat,
1733 3402 1861 3441 rem
1885 3376 2267 3452 esse,=credo‚

334 3461 700 3544 exploratam
727 3462 979 3538 abunde3
1012 3464 1388 3550 praesertim,
1421 3486 1554 3525 cum
1588 3463 1660 3527 de
1691 3465 1893 3550 sigillo
1924 3466 1969 3528 J
1980 3462 2267 3526 udiciali
