2358 3874
287 234 409 287 122
490 256 494 261 ⁴

286 366 441 430 lochi
484 380 680 430 tamen
733 367 970 450 regales
1002 366 1173 450 fungi
1203 387 1447 427 munere
1479 388 1622 440 suo,
1667 365 1783 426 nisi
1825 364 1899 426 iis
1941 364 2220 440 consciis,

287 476 404 514 non
437 463 702 538 possent.
762 453 918 511 Pars
959 451 1135 512 tertia
1168 448 1465 511 redituum
1497 451 1850 510 Castrorum
1889 447 2222 511 Comitibus

286 536 383 597 his
414 536 601 608 cedit3
644 534 907 617 reliquae
939 533 1119 608 duae,
1153 532 1491 616 Cybriones
1523 532 1696 604 item,
1745 533 2002 608 tributa,
2035 532 2221 594 boves

287 619 361 681 ad
391 623 620 704 Regem
652 617 968 703 pertinent.
998 617 1364 679 Decernitur
1394 639 1600 700 porr0,
1643 627 1707 676 ut
1737 616 2072 678 Comitibus
2121 640 2222 678 au-

289 704 564 765 ctoritate
597 725 708 763 sua
729 701 801 762 ad
822 701 1229 786 opressionem
1249 699 1452 786 populi
1484 700 1582 784 qui
1615 700 2024 775 abuterentur,
2061 701 2217 762 ultra

286 787 619 848 ablatorum
657 784 1098 847 restitutionem
1137 785 1546 869 Magistratus
1589 784 1934 867 abrogetur.
1988 783 2222 868 Integri

287 870 622 931 Comitatus
664 869 756 930 vel
789 890 1033 930 munera
1071 869 1307 956 publica
1338 880 1625 954 perpetuo
1656 871 1795 952 jure
1826 867 2021 928 instar
2054 890 2224 952 prae-

285 953 515 1015 diorum
546 977 620 1015 ne
652 952 1050 1014 conferantur.
1091 955 1259 1028 Quae
1293 952 1488 1014 omnia
1518 964 1660 1013 sunt
1693 950 2002 1048 ejusmodi,
2036 963 2100 1013 ut
2129 949 2226 1012 his

285 1050 424 1123 post
456 1060 544 1112 ea,
579 1060 727 1132 quae
760 1035 830 1098 de
862 1037 1167 1133 Institutis
1211 1037 1263 1099 d.
1296 1035 1590 1122 Stephani
1622 1035 1909 1113 diximuS‚
1952 1057 2069 1097 non
2113 1057 2225 1097 nos

288 1134 559 1207 oporteat
611 1143 927 1185 lmmorarl.

1160 1324 1202 1398 g
1248 1328 1347 1383 20.

344 1481 525 1536 atque
572 1473 724 1523 haec
770 1473 931 1522 inter
977 1489 1039 1522 ea
1091 1474 1297 1531 etiam,
1347 1490 1498 1538 quae
1547 1489 1608 1522 se
1653 1474 1720 1547 ad
1764 1474 2176 1537 Jobbagiones

771 1557 1072 1607 Castri·et
1119 1558 1409 1622 Hospites
1455 1559 1750 1607 referunt.

460 1714 775 1775 Articulus
808 1715 1016 1776 Bullae
1059 1738 1276 1777 aureae
1308 1718 1484 1777 ΧΙΧ.
1518 1714 1589 1776 de
1631 1713 1878 1777 rusticis
1916 1738 2229 1802 perperam

289 1797 615 1883 inscriptus
649 1797 720 1860 de
749 1797 1238 1882 Jobbagionibus
1271 1798 1455 1860 castri
1488 1799 1649 1883 agit,
1682 1799 1820 1883 lege
1851 1822 1959 1884 per
1990 1800 2041 1862 d.
2092 1804 2229 1864 Ste-

289 1879 550 1964 phanum
581 1881 906 1945 constituta
936 1880 1241 1955 tenendis;
1288 1883 1813 1959 BellatoribuS,
1849 1897 2011 1970 puta,
2046 1885 2231 1948 castri

289 1965 428 2027 huic
459 1966 692 2028 muneri
733 1990 864 2043 suo,
902 1975 948 2046 ¹)
981 1967 1200 2041 ceteris
1241 1967 1311 2029 ad
1344 1967 1586 2030 labores
1617 1967 1892 2045 bellicoS,
1926 1981 1986 2031 et
2017 1992 2232 2055 operas

288 2049 349 2110 in
395 2051 910 2113 conservationem
954 2054 1138 2113 castri
1176 2051 1554 2113 necessarias
1586 2050 1934 2128 servandis,
1985 2053 2232 2115 finibus-

292 2157 405 2218 que
445 2133 539 2195 his
570 2135 839 2197 Instituti
885 2135 1215 2197 castrensis
1263 2135 1484 2197 nullius
1527 2136 1588 2196 in
1633 2135 1891 2220 gratiam
1916 2149 2039 2199 vaut
2066 2138 2228 2202 savo-

290 2241 415 2280 rem
447 2218 866 2281 subducendis,
898 2218 1230 2303 Privilegia
1261 2219 1312 2281 d.
1338 2219 2058 2306 Stephanus-hospitibus
2083 2244 2234 2307 quae

292 2302 647 2388 impertivit,
690 2303 920 2366 illibata
958 2326 1098 2366 esse
1129 2304 1344 2379 voluit,
1398 2303 1672 2389 hancque
1704 2307 1835 2390 ejus
1863 2305 2232 2369 voluntatem

294 2386 470 2447 Bulla
499 2387 784 2450 Andreae
813 2392 893 2449 ΙΙ.
924 2410 1034 2475 pro
1064 2400 1352 2475 perpetua
1404 2386 1612 2451 haberi
1642 2389 1780 2474 lege
1801 2390 2006 2475 jussit.

481 2654 519 2711 ι)
551 2651 612 2698 Hi
642 2651 853 2699 vendere
885 2658 1041 2700 terras
1075 2667 1214 2712 suaS‚
1249 2652 1345 2701 nisi
1377 2653 1718 2702 consentiente
1752 2652 1908 2716 Rege,
1943 2651 2229 2716 nequibant.

295 2735 463 2798 ltaque
495 2750 607 2783 cum
638 2734 819 2783 Paulus
852 2735 981 2784 filius
1013 2735 1248 2795 Terezen‚
1281 2737 1367 2785 Vid
1401 2743 1450 2786 et
1472 2736 1748 2785 Dobruzlov
1776 2735 2108 2799 Jobbagiones
2133 2736 2233 2785 Ca—

297 2818 384 2867 stri
415 2818 690 2867 Barsiensis
721 2825 903 2868 terram
946 2819 1169 2883 Ryucska
1208 2827 1256 2869 et
1292 2820 1409 2869 Bela
1449 2821 1511 2869 ad
1552 2835 1606 2868 se
1644 2826 1694 2868 et
1731 2834 1930 2868 omnem
1963 2819 2234 2882 Cognatio—

297 2917 408 2950 nem
453 2917 591 2950 suam
631 2902 961 2964 pertinentes,
1014 2904 1073 2951 de
1114 2904 1314 2952 comuni
1354 2904 1574 2952 omnium
1618 2902 1978 2966 Cognationum
2032 2918 2231 2952 suarum

299 2985 628 3034 consensione
669 2991 718 3033 et
755 3001 813 3034 ex
844 2986 1172 3049 permissione
1210 3002 1268 3036 ac
1306 2987 1615 3050 beneplacito
1657 2986 1716 3035 D.
1749 2986 1969 3036 Andreae
2008 2987 2066 3036 R.
2100 2986 2235 3037 Leu-

297 3069 487 3118 stachio
522 3068 700 3117 Comiti
731 3084 775 3117 a.
817 3067 976 3119 1228
1010 3085 1177 3119 coram
1211 3070 1436 3134 Capitulo
1468 3071 1683 3134 Strigon.
1727 3071 1996 3125 venderent
2038 3070 2234 3135 „Regis

297 3153 498 3202 nomine
538 3153 731 3202 Samuel
769 3154 950 3202 Comes
990 3161 1038 3202 ct
1069 3154 1302 3204 Burunch
1345 3171 1510 3208 coram
1552 3155 1778 3218 Capitulo
1811 3155 2040 3212 aderant,
2068 3162 2136 3210 vut
2172 3153 2235 3204 de

298 3236 444 3300 hujus
491 3236 818 3300 permissione
858 3238 1004 3287 fidem
1046 3239 1281 3288 facerent.
1342 3239 1406 3289 Et
1443 3239 1828 3289 reambulatione
1866 3246 2134 3298 terrarum,
2172 3238 2235 3288 in

298 3321 578 3384 praesentia
607 3321 1050 3386 Jobbagionum
1084 3323 1430 3387 provinciae
1463 3323 1705 3382 instituta,
1736 3330 1785 3373 et
1807 3330 1973 3388 partes
1995 3329 2046 3371 et
2077 3322 2235 3373 nuntii

298 3404 444 3466 Regis
476 3405 640 3454 literas
673 3406 884 3470 emptori
917 3407 1235 3471 postulabant
1266 3407 1566 3457 extradari.“
1600 3408 1801 3471 Autogr.
1836 3407 1885 3456 in
1907 3407 2063 3471 Regu.
2086 3406 2231 3456 Arch.

302 3486 421 3549 Cap.
457 3487 662 3553 Scepus.
749 3545 754 3550 ,
