2358 3874
1972 213 2095 273 191

160 352 546 418 Comitiorum
607 372 833 447 genere
897 349 1215 436 quidquam
1275 349 1681 436 prompsisse,
1741 351 2097 436 praesertim

161 461 293 500 cum
333 436 723 499 Skerleczlus
766 434 836 496 de
878 435 1149 497 Comitiis
1187 458 1238 496 a.
1282 442 1444 497 1492
1479 441 1660 520 (quae
1693 434 1938 520 perinde
1968 435 2097 497 uni-

158 520 418 583 versalia
460 525 660 598 erant)
698 517 1056 583 disseruerit
1082 526 1132 598 3)
1173 517 1631 604 memoriamque
1670 517 1882 582 horum
1921 519 2099 581 etiam

159 617 270 667 art.
313 611 453 668 108.
494 611 660 667 1492
702 616 921 666 teneat.
961 602 1423 666 Universalia
1463 603 1717 666 Comitia
1754 601 1904 666 haec
1944 602 2099 666 ordi-

157 689 323 751 narie
362 688 436 751 ad
477 688 766 751 solemnia
806 687 1116 750 electionis
1161 699 1221 749 et
1251 687 1731 771 inaugurationis
1762 690 2001 773 Regum
2024 695 2099 765 4),

158 774 428 858 exemplo
469 796 612 835 vero
652 771 922 834 Ladislai
951 774 1062 833 lV.
1109 772 1285 834 etiam
1326 770 1397 833 ad
1432 771 1825 835 consultanda
1854 771 2101 858 negotia

157 857 275 920 alia
303 857 545 943 majoris
578 855 651 919 ad
681 855 1142 942 prosperitatem
1172 854 1409 919 totius
1440 860 1649 941 regni
1680 858 2100 942 Hungariae

156 942 436 1017 momenti
476 940 949 1004 celebrabantur.
999 943 1080 1003 Et
1109 943 1343 1002 Banum
1375 939 1608 1023 quidem
1649 941 1973 1005 Slavoniae
2025 941 2100 1005 ad

157 1027 257 1089 illa
279 1029 403 1112 jam
444 1049 563 1088 sec.
593 1028 768 1088 Xlll.
801 1048 932 1087 cum
977 1024 1248 1111 pluribus
1286 1023 1558 1108 regionis
1600 1027 1728 1109 ejus
1767 1026 2097 1088 Nobilibus

156 1112 515 1186 ventitasse,
557 1116 808 1195 ejusque
849 1132 980 1170 cum
1018 1108 1111 1170 his
1152 1107 1626 1171 consultationes
1668 1110 2097 1189 (conferentias

156 1195 332 1259 hodie
362 1195 608 1257 banales
655 1193 935 1272 dicimus)
963 1196 1092 1279 jam
1133 1205 1332 1256 aetate
1371 1192 1640 1255 Ladislai
1680 1197 1792 1257 IV.
1833 1193 1896 1256 in
1934 1217 2099 1258 more

157 1280 386 1366 positas
428 1278 644 1342 indicio
676 1277 1051 1364 superiorum
1083 1277 1396 1340 literarum
1428 1277 1721 1340 novimus.

339 1464 386 1523 3)
419 1463 467 1511 Is
500 1463 560 1511 de
593 1463 811 1512 articulis
847 1462 989 1527 regni
1021 1462 1273 1512 Slavoniae
1303 1463 1512 1513 Decreto
1552 1462 1734 1512 horum
1774 1463 2101 1515 Comitiorum

155 1563 255 1598 non
286 1554 386 1597 tam
418 1546 669 1606 subnexiS,
705 1562 851 1611 quam
875 1547 1067 1596 innexis
1090 1562 1241 1610 agens
1266 1547 1389 1597 haec
1408 1548 1633 1597 adnotat:
1671 1546 1820 1606 „Qua
1839 1549 2100 1598 occasione

156 1631 404 1682 observari
451 1631 594 1680 velim
642 1631 1039 1681 Mossoczium
1085 1631 1163 1681 his
1210 1631 1465 1681 Slavoniae
1516 1630 1735 1682 articulis
1782 1647 2101 1697 perperam

155 1716 442 1766 distinctum
482 1731 509 1764 a
547 1715 737 1779 reliquo
769 1715 967 1765 Decreti
1008 1730 1218 1780 corpore
1250 1716 1449 1766 titulum
1491 1716 1706 1765 dedisse.
1762 1715 1835 1765 Ea
1875 1717 2009 1765 enim
2046 1733 2100 1766 re

154 1801 338 1850 multos
369 1800 419 1849 in
451 1815 559 1848 eam
593 1814 849 1849 erroneam
874 1799 1065 1849 induxit
1089 1800 1393 1864 opinionem,
1431 1801 1571 1864 qnasi
1595 1799 1645 1849 hi
1670 1815 1770 1849 non
1801 1801 1852 1849 in
1874 1801 2101 1852 Comitiis
2138 1859 2148 1864 ,

155 1901 202 1934 3.
230 1879 389 1934 1492
423 1884 621 1950 perlati,
655 1885 743 1934 sed
771 1885 824 1933 in
855 1884 1149 1933 distincto
1182 1883 1434 1933 Slavoniae
1467 1884 1725 1934 Conventa
1755 1885 1941 1935 conditi
1972 1892 2021 1935 et
2050 1886 2101 1935 in

155 1969 324 2019 Diaeta
362 1985 406 2018 a.
447 1962 607 2018 1492
651 1975 842 2018 tantum
881 1968 1204 2032 praesentati,
1247 1967 1631 2033 approbatique,
1681 1970 1852 2033 sicque
1890 1969 2101 2020 Decreto

160 2053 230 2104 illi
261 2053 469 2103 subnexi
499 2053 736 2114 fuissent;
770 2053 855 2102 ubi
883 2059 1047 2103 tamen
1072 2053 1133 2101 ad
1156 2053 1306 2101 finem
1331 2053 1522 2117 (prouti
1545 2059 1594 2102 et
1618 2068 1752 2103 nunc
1771 2070 1886 2103 cum
1907 2054 2103 2104 Croatia

113 2138 117 2141 ’
156 2153 253 2188 usu
282 2138 438 2198 venit)
470 2137 696 2186 collocati
725 2138 942 2187 fuerunt.
985 2136 1051 2188 Et
1087 2137 1198 2187 ideo
1237 2137 1287 2186 in
1323 2137 1506 2187 Codice
1536 2137 1784 2188 Radaiano
1814 2138 2018 2188 Articuli
2049 2139 2100 2189 hi

155 2222 471 2286 hungaricOS,
504 2221 691 2286 absque
723 2222 820 2271 ulla
850 2221 1228 2285 interruptione,
1262 2228 1412 2285 prout
1435 2228 1483 2271 et
1507 2237 1641 2272 nunc
1665 2222 1819 2271 moris
1842 2229 1937 2284 est,
1968 2239 2097 2272 con-

157 2307 296 2360 tinuo
329 2310 672 2371 sequuntur“.
693 2334 763 2342 —-
785 2305 944 2356 Nosse
975 2305 1098 2354 haec
1130 2312 1342 2370 oportet,
1377 2312 1432 2356 ut
1461 2306 1558 2355 vim
1588 2321 1765 2356 vocum
1799 2307 2100 2367 „Univer-

159 2390 326 2440 sitati
369 2389 748 2454 Regnicolarum
787 2394 1122 2440 nostrorum“
1163 2389 1424 2453 Ingressus
1454 2395 1484 2450 5
1516 2388 1582 2452 2;
1625 2391 2099 2451 „universorum

157 2474 483 2524 Dominorum
512 2473 864 2533 Praelatorum,
897 2474 1166 2534 Baronum,
1199 2481 1248 2524 et
1276 2473 1544 2524 Procerum
1576 2482 1972 2541 cunctorumque
1994 2475 2102 2526 No-

158 2558 329 2608 bilium
361 2557 510 2622 hujus
549 2558 734 2622 regni“
775 2565 866 2608 art.
907 2555 1024 2608 107
1065 2574 1120 2607 ac
1152 2558 1363 2623 denique
1402 2559 1664 2608 verborum
1697 2559 2098 2610 Confirmationis

158 2649 188 2702 §
224 2641 251 2692 1
307 2642 403 2702 „in
444 2642 747 2706 praescripta
799 2642 1067 2706 generali
1115 2642 1377 2692 omnium
1424 2643 1889 2707 Regnicolarum
1939 2643 2100 2693 Con-

157 2726 444 2775 ventione
489 2732 539 2775 et
568 2726 788 2775 Diaeta“
824 2727 1151 2790 significatum
1183 2727 1492 2791 assequaris;
1532 2727 1774 2792 intelligas
1812 2735 2094 2792 praeterea:

159 2811 446 2860 divisionem
490 2810 814 2860 Comitiorum
864 2811 914 2859 in
963 2811 1350 2871 universalia,
1408 2811 1720 2875 generalia
1742 2850 1754 2872 ,
1800 2819 1848 2861 et
1898 2813 2097 2877 parti-

159 2894 425 2953 cularia,
479 2909 604 2958 quae
653 2910 755 2946 sec.
789 2895 887 2944 XV.
921 2895 972 2944 in
1013 2894 1284 2944 Bohoemia
1314 2895 1549 2955 obtinuit,
1603 2896 1782 2944 seculis
1821 2897 1959 2960 prius
1997 2913 2099 2948 non

160 2978 359 3042 quidem
396 2978 621 3039 nomine,
673 2979 761 3028 sed
798 2994 853 3028 re
892 2979 999 3043 ipsa
1037 2978 1249 3043 viguisse
1287 2980 1419 3045 apud
1458 2979 1738 3044 Hungaros.
1783 2980 2006 3045 Denique
2047 2989 2100 3031 ut

159 3063 339 3111 horum
381 3076 492 3110 cum
544 3068 635 3111 art.
680 3059 777 3111 61.
824 3057 978 3112 1741
1026 3064 1342 3113 contentione
1387 3080 1444 3115 ac
1494 3064 1862 3128 comparatione
1904 3064 2098 3128 judices

159 3146 291 3210 ipse,
336 3159 482 3209 quam
513 3145 687 3208 procul
723 3161 749 3194 a
782 3162 895 3196 vero
927 3146 1183 3207 aberrent,
1217 3148 1300 3212 qui
1331 3147 1572 3212 Majorum
1604 3163 1769 3197 mores
1801 3162 1859 3195 ex
1889 3148 2098 3197 rationi-

160 3229 254 3279 bus
286 3228 564 3293 praesentis
594 3229 765 3278 aetatis
797 3230 1069 3293 generatim
1101 3231 1378 3280 aestimant.

336 3314 385 3372 4)
419 3312 722 3362 Testimonio
752 3313 1004 3362 literarum
1035 3313 1180 3361 Belae
1200 3313 1276 3362 IV.
1312 3314 1372 3361 de
1395 3329 1440 3362 a.
1473 3310 1634 3364 1238
1669 3314 2096 3378 supracitatarum‚

163 3396 402 3455 Comiffis,
439 3412 562 3460 quae
594 3411 684 3461 per
713 3411 796 3445 eas
826 3396 1122 3457 indicantur,
1157 3396 1308 3446 adsuit
1338 3397 1483 3446 etiam
1515 3398 1665 3447 frater
1695 3396 1801 3461 ejus
1831 3398 2102 3449 Coloman-

162 3496 255 3530 nus
286 3481 388 3529 Rex
420 3488 468 3529 et
497 3481 604 3530 Dux
636 3481 785 3531 totius
825 3481 1075 3530 Slavoniae
1118 3480 1268 3541 „fere
1307 3497 1420 3531 cum
1452 3482 1682 3532 omnibus
1713 3482 2101 3547 Jobbagionibus

163 3566 330 3614 suis“,
