2358 3874
307 225 426 279 132

304 372 559 435 centum,
605 362 696 420 sin
729 381 906 419 secus
940 357 1374 442 quinquaginta
1413 356 1680 429 mitt-ere3
1732 358 1885 443 quod
1919 357 1973 419 si
2014 361 2146 422 Rex
2183 359 2242 421 in

303 443 557 506 medium
579 465 780 506 eorum
804 441 1052 517 venerit,
1072 454 1220 516 tres,
1248 439 1299 501 si
1325 462 1467 502 vero
1484 441 1766 524 Vajvoda
1785 464 1860 503 ex
1879 442 2111 505 ratione
2128 443 2242 506 rei-

301 528 571 614 publicae
610 527 683 589 ad
715 550 819 589 eos
852 526 1166 609 delegatus
1199 525 1293 587 vel
1325 546 1432 608 per
1460 525 1829 586 territorium
1870 549 2076 589 eorum
2098 539 2243 624 *pro-

303 615 499 675 fectus
530 611 737 686 fuerit,
785 611 933 672 duos
978 610 1213 672 solvere
1261 608 1588 671 descensus
1629 621 1965 672 teneantur.
2010 612 2244 687 Qulbus

302 699 387 759 ita
419 694 784 770 constitutiS,
821 694 1115 778 quodnam
1141 697 1266 778 jam
1302 693 1382 755 sit
1414 695 1720 755 Saxonum
1759 695 2243 779 Transylvaniae

303 783 362 843 in
404 780 583 842 fundo
622 778 734 841 hoc
777 778 950 862 regio
977 781 1126 863 jus?
1172 777 1329 840 inter
1366 775 1634 840 eruditos
1670 775 2062 864 disceptatur:
2101 778 2243 841 mihi

302 863 601 927 sententia
644 862 922 945 anonymi
958 863 1186 948 placet,
1232 862 1291 923 in
1342 861 1566 947 scripto
1612 861 1911 947 periodico
1946 864 2243 948 Transyl-

302 952 512 1010 vaniae
553 950 737 1009 T.11.
787 949 930 1009 fasc.
977 955 1030 1008 1.
1077 971 1184 1033 pro
1225 945 1432 1023 fende,
1470 947 1796 1032 depromta,
1842 968 2017 1031 quem
2061 970 2241 1009 unum

301 1037 577 1095 Saxones
622 1031 682 1092 in
721 1031 1096 1116 Hungariam
1159 1031 1492 1115 migrantes
1539 1030 1950 1116 possessionis
2003 1030 2241 1093 titulum

304 1117 585 1203 optimum
620 1128 936 1191 noverunt,
975 1115 1419 1201 expetitumque
1463 1119 1877 1200 impetrarunt.

1168 1320 1209 1394 ς
1255 1324 1355 1378 ao.

303 1485 526 1533 resque
580 1470 729 1518 aliae
778 1486 821 1518 a.
879 1464 1066 1518 1224
1113 1476 1317 1532 gestae
1364 1469 1550 1518 eidem
1608 1471 1664 1518 in
1711 1471 1945 1520 laudem
1993 1472 2237 1532 cedunt3

472 1628 728 1703 Vellem,
770 1628 904 1712 quis
937 1627 1090 1689 enim
1124 1640 1237 1701 est,
1271 1627 1368 1711 qui
1401 1628 1626 1690 nollet?
1668 1641 1834 1690 totus
1867 1641 1932 1691 ut
1953 1628 2240 1691 Andreae

298 1712 682 1797 Principatus
727 1711 891 1786 anni,
926 1735 1040 1796 quo
1071 1711 1450 1796 privilegium
1485 1711 1595 1773 hoc
1633 1712 1839 1787 edidit,
1872 1713 2106 1776 laudem
2135 1712 2239 1775 ha-

299 1796 484 1857 beret.
531 1799 619 1857 Eo
653 1795 807 1857 enim
838 1796 1058 1857 sactum
1088 1808 1402 1880 praeterea
1435 1809 1557 1873 est,
1590 1809 1656 1858 ut
1688 1798 2095 1882 arrogantiam
2115 1801 2238 1860 Ho-

298 1879 485 1955 norii,
536 1879 633 1964 qui
683 1880 958 1941 collatam
997 1902 1106 1964 per
1144 1903 1277 1941 eum
1316 1880 1604 1942 militibus
1642 1882 1966 1943 teutonicis
2014 1895 2236 1944 terram

299 1967 517 2038 Borza,
551 1964 693 2025 nulli
726 1964 842 2024 nisi
867 1963 1146 2026 Pontifici
1167 1966 1307 2048 jure
1338 1963 1718 2051 proprietatis
1749 1965 2064 2051 subjacere
2108 1967 2237 2029 lite-

298 2049 383 2109 ris
416 2048 545 2108 snis
578 2047 922 2123 declaravit,
943 2051 1084 2133 jure
1114 2047 1495 2133 indignatuS,
1529 2049 1682 2112 hanc
1713 2050 1787 2111 ab
1819 2051 1894 2112 iis
1925 2050 2236 2137 reciperet.

298 2132 725 2194 Colomannum
775 2132 834 2193 in
878 2132 1192 2195 Galliciam
1243 2156 1318 2195 ex
1369 2146 1546 2218 pacto
1592 2134 1851 2196 debitam
1891 2133 2234 2208 reduceret3

297 2217 478 2279 Belae
523 2217 773 2301 denique
816 2217 1238 2281 reconciliatus
1281 2218 1641 2280 Dalmatiam
1689 2231 1749 2281 et
1788 2219 2091 2282 Oroatiam
2134 2218 2231 2281 ad-

296 2301 743 2363 ministrandam
783 2300 1070 2365 crederet.

1174 2507 1361 2581 §aL
1450 2487 1453 2491 ’

294 2657 396 2704 sed
444 2655 763 2704 consilium
812 2656 879 2704 de
926 2658 1289 2708 revocandis
1333 2657 1851 2725 liberalitatibus,
1898 2673 2048 2708 novo
2103 2673 2230 2707 eum

494 2740 785 2803 filiosque
831 2741 1154 2790 amittendi
1200 2742 1369 2806 regni
1417 2743 1701 2806 periculo
1747 2743 2026 2802 involvit3

416 2900 598 2959 Anno
624 2911 913 2980 sequente
933 2899 1240 2961 Honorius
1261 2899 1544 2962 Pontifex
1573 2899 1896 2974 intellecto,
1921 2899 2229 2962 Andream

290 2981 575 3063 quaedam
608 2981 665 3040 in
698 2982 1122 3066 praejudicium
1156 2983 1330 3067 regni
1355 2982 1846 3068 auctoritatisque
1866 2984 2057 3068 Regis
2089 2984 2228 3046 alie-

290 3087 500 3139 nasse,
538 3064 694 3126 datis
727 3063 801 3125 ad
833 3089 966 3127 eum
997 3067 1322 3151 Belamq'ue
1354 3067 1545 3130 literis
1578 3080 1788 3130 auctor
1817 3067 1947 3144 fuit,
1992 3080 2058 3130 ut
2087 3068 2227 3130 alie-

286 3148 559 3210 nationes
596 3147 707 3209 has
745 3172 1030 3213 revocare
1069 3163 1239 3213 tanto
1283 3151 1480 3236 magis
1512 3151 1782 3227 studeat,
1817 3151 2016 3237 „quod
2047 3174 2224 3237 quum

284 3231 343 3292 in
394 3232 777 3295 coronatione
819 3255 931 3295 sua
964 3234 1262 3319 juraverit
1303 3239 1444 3321 jura
1490 3235 1663 3320 regni
1706 3236 1800 3297 sui
1849 3249 1909 3298 et
1938 3235 2224 3299 honorem

287 3338 539 3378 coronae
571 3316 798 3380 illibate
829 3331 1240 3396 servaturum,
1263 3323 1704 3405 juramentum,
1745 3322 1797 3382 si
1829 3318 1987 3406 quod
2016 3320 2223 3382 adver-

286 3421 392 3458 sus
423 3398 569 3461 haee
599 3399 772 3477 dixit,
804 3401 1072 3464 illicitum
1104 3403 1310 3479 fuerit,
1352 3417 1411 3467 et
1443 3404 1517 3466 ob
1551 3427 1679 3465 eam
1719 3426 1842 3467 rem
1877 3426 1986 3467 nec
2016 3403 2221 3466 obser-

285 3482 596 3542 vandunn.“
622 3487 762 3544 Non
798 3485 1102 3569 ingratum
1135 3486 1246 3548 hoc
1278 3488 1581 3563 Andreae,
1604 3489 1787 3551 Belae
1819 3487 2051 3571 quidem
2086 3510 2218 3573 per-
