<?xml version="1.0" encoding="UTF-8"?>
<!DOCTYPE html PUBLIC "-//W3C//DTD XHTML 1.0 Transitional//EN"
    "http://www.w3.org/TR/xhtml1/DTD/xhtml1-transitional.dtd">
<html xmlns="http://www.w3.org/1999/xhtml" xml:lang="en" lang="en">
 <head>
  <title>
</title>
<meta http-equiv="Content-Type" content="text/html;charset=utf-8" />
  <meta name='ocr-system' content='tesseract 3.04.00' />
  <meta name='ocr-capabilities' content='ocr_page ocr_carea ocr_par ocr_line ocrx_word'/>
</head>
<body>
  <div class='ocr_page' id='page_1' title='image "./commentariorumad02bart_0215.png"; bbox 0 0 2358 3874; ppageno 0'>
   <div class='ocr_carea' id='block_1_1' title="bbox 1968 245 2092 301">
    <p class='ocr_par' dir='ltr' id='par_1_1' title="bbox 1968 245 2092 301">
     <span class='ocr_line' id='line_1_1' title="bbox 1968 245 2092 301; baseline 0.016 -2"><span class='ocrx_word' id='word_1_1' title='bbox 1968 245 2092 301; x_wconf 76' lang='lat'>209</span> 
     </span>
    </p>
   </div>
   <div class='ocr_carea' id='block_1_2' title="bbox 143 377 2093 1901">
    <p class='ocr_par' dir='ltr' id='par_1_2' title="bbox 143 377 2093 1901">
     <span class='ocr_line' id='line_1_2' title="bbox 147 377 2087 463; baseline -0.002 -17"><span class='ocrx_word' id='word_1_2' title='bbox 147 382 548 454; x_wconf 80' lang='lat' dir='ltr'>distinctione3</span> <span class='ocrx_word' id='word_1_3' title='bbox 600 378 770 442; x_wconf 89' lang='lat' dir='ltr'>modo</span> <span class='ocrx_word' id='word_1_4' title='bbox 817 379 1150 442; x_wconf 83' lang='lat' dir='ltr'>sententias</span> <span class='ocrx_word' id='word_1_5' title='bbox 1210 378 1492 444; x_wconf 86' lang='lat' dir='ltr'>Judicum</span> <span class='ocrx_word' id='word_1_6' title='bbox 1543 377 1973 463; x_wconf 69' lang='lat' dir='ltr'>exequendi⁴J;</span> <span class='ocrx_word' id='word_1_7' title='bbox 2028 393 2087 443; x_wconf 88' lang='lat' dir='ltr'>et</span> 
     </span>
     <span class='ocr_line' id='line_1_3' title="bbox 145 463 2089 551; baseline -0.002 -22"><span class='ocrx_word' id='word_1_8' title='bbox 145 465 546 551; x_wconf 80' lang='lat' dir='ltr'>birsagiorum</span> <span class='ocrx_word' id='word_1_9' title='bbox 570 477 963 549; x_wconf 88' lang='lat' dir='ltr'>taxarumque</span> <span class='ocrx_word' id='word_1_10' title='bbox 977 463 1428 549; x_wconf 86' lang='lat' dir='ltr'>judiciariarum</span> <span class='ocrx_word' id='word_1_11' title='bbox 1454 463 1774 549; x_wconf 78' lang='lat' dir='ltr'>partitione</span> <span class='ocrx_word' id='word_1_12' title='bbox 1792 470 1863 542; x_wconf 79' lang='lat'>5),</span> <span class='ocrx_word' id='word_1_13' title='bbox 1892 465 1952 526; x_wconf 92' lang='lat' dir='ltr'>in</span> <span class='ocrx_word' id='word_1_14' title='bbox 1982 465 2089 526; x_wconf 92' lang='lat' dir='ltr'>Di-</span> 
     </span>
     <span class='ocr_line' id='line_1_4' title="bbox 186 548 2088 623; baseline -0.003 -9"><span class='ocrx_word' id='word_1_15' title='bbox 186 553 398 614; x_wconf 88' lang='lat' dir='ltr'>lomate</span> <span class='ocrx_word' id='word_1_16' title='bbox 432 549 729 611; x_wconf 90' lang='lat' dir='ltr'>Vladislai</span> <span class='ocrx_word' id='word_1_17' title='bbox 767 553 811 610; x_wconf 91' lang='grc' dir='ltr'>Ι.</span> <span class='ocrx_word' id='word_1_18' title='bbox 853 549 1183 611; x_wconf 88' lang='lat' dir='ltr'>subnexas:</span> <span class='ocrx_word' id='word_1_19' title='bbox 1217 549 1455 623; x_wconf 87' lang='lat' dir='ltr'>vellem,</span> <span class='ocrx_word' id='word_1_20' title='bbox 1489 571 1589 609; x_wconf 86' lang='lat' dir='ltr'>ars</span> <span class='ocrx_word' id='word_1_21' title='bbox 1620 548 1930 610; x_wconf 89' lang='lat' dir='ltr'>notarialis</span> <span class='ocrx_word' id='word_1_22' title='bbox 1962 551 2088 611; x_wconf 90' lang='lat' dir='ltr'>Lu-</span> 
     </span>
     <span class='ocr_line' id='line_1_5' title="bbox 146 576 2083 718; baseline -0.003 -18"><span class='ocrx_word' id='word_1_23' title='bbox 146 576 352 700; x_wconf 60' lang='lat' dir='ltr'>govico</span> <span class='ocrx_word' id='word_1_24' title='bbox 413 637 584 718; x_wconf 82' lang='lat' dir='ltr'>Rege</span> <span class='ocrx_word' id='word_1_25' title='bbox 641 632 1009 718; x_wconf 73' lang='lat' dir='ltr'>conscriPta,</span> <span class='ocrx_word' id='word_1_26' title='bbox 1068 633 1326 695; x_wconf 88' lang='lat' dir='ltr'>Nicolao</span> <span class='ocrx_word' id='word_1_27' title='bbox 1379 632 1731 694; x_wconf 85' lang='lat' dir='ltr'>Skerleczio</span> <span class='ocrx_word' id='word_1_28' title='bbox 1776 636 1852 712; x_wconf 83' lang='lat'>(†</span> <span class='ocrx_word' id='word_1_29' title='bbox 1888 638 2083 712; x_wconf 79' lang='lat'>1800)</span> 
     </span>
     <span class='ocr_line' id='line_1_6' title="bbox 144 717 2088 805; baseline -0.001 -23"><span class='ocrx_word' id='word_1_30' title='bbox 144 717 490 805; x_wconf 78' lang='lat' dir='ltr'>superstite,</span> <span class='ocrx_word' id='word_1_31' title='bbox 523 729 830 803; x_wconf 89' lang='lat' dir='ltr'>protracta</span> <span class='ocrx_word' id='word_1_32' title='bbox 858 717 918 777; x_wconf 90' lang='lat' dir='ltr'>in</span> <span class='ocrx_word' id='word_1_33' title='bbox 949 718 1141 778; x_wconf 88' lang='lat' dir='ltr'>lucem</span> <span class='ocrx_word' id='word_1_34' title='bbox 1171 718 1405 779; x_wconf 86' lang='lat' dir='ltr'>suisset.</span> <span class='ocrx_word' id='word_1_35' title='bbox 1445 720 1532 778; x_wconf 84' lang='lat' dir='ltr'>Ea</span> <span class='ocrx_word' id='word_1_36' title='bbox 1572 717 1727 778; x_wconf 91' lang='lat' dir='ltr'>enim</span> <span class='ocrx_word' id='word_1_37' title='bbox 1768 740 1885 778; x_wconf 90' lang='lat' dir='ltr'>una</span> <span class='ocrx_word' id='word_1_38' title='bbox 1924 717 2088 781; x_wconf 91' lang='lat' dir='ltr'>labo-</span> 
     </span>
     <span class='ocr_line' id='line_1_7' title="bbox 143 800 2092 888; baseline -0.002 -22"><span class='ocrx_word' id='word_1_39' title='bbox 143 803 250 876; x_wconf 79' lang='lat' dir='ltr'>riS,</span> <span class='ocrx_word' id='word_1_40' title='bbox 299 825 469 888; x_wconf 89' lang='lat' dir='ltr'>quem</span> <span class='ocrx_word' id='word_1_41' title='bbox 502 803 594 863; x_wconf 79' lang='lat' dir='ltr'>vir</span> <span class='ocrx_word' id='word_1_42' title='bbox 632 800 727 861; x_wconf 90' lang='lat' dir='ltr'>hic</span> <span class='ocrx_word' id='word_1_43' title='bbox 745 800 909 885; x_wconf 88' lang='lat' dir='ltr'>juris</span> <span class='ocrx_word' id='word_1_44' title='bbox 955 800 1174 885; x_wconf 84' lang='lat' dir='ltr'>publici</span> <span class='ocrx_word' id='word_1_45' title='bbox 1221 801 1555 886; x_wconf 85' lang='lat' dir='ltr'>privatique</span> <span class='ocrx_word' id='word_1_46' title='bbox 1603 813 1663 862; x_wconf 90' lang='lat' dir='ltr'>et</span> <span class='ocrx_word' id='word_1_47' title='bbox 1708 801 1898 863; x_wconf 91' lang='lat' dir='ltr'>omnis</span> <span class='ocrx_word' id='word_1_48' title='bbox 1941 802 2092 864; x_wconf 89' lang='lat' dir='ltr'>anti-</span> 
     </span>
     <span class='ocr_line' id='line_1_8' title="bbox 145 884 2091 974; baseline -0.002 -23"><span class='ocrx_word' id='word_1_49' title='bbox 145 887 390 974; x_wconf 83' lang='lat' dir='ltr'>quitatis</span> <span class='ocrx_word' id='word_1_50' title='bbox 425 885 792 970; x_wconf 83' lang='lat' dir='ltr'>hungaricae</span> <span class='ocrx_word' id='word_1_51' title='bbox 823 884 1253 969; x_wconf 87' lang='lat' dir='ltr'>peritissimus,</span> <span class='ocrx_word' id='word_1_52' title='bbox 1294 884 1354 945; x_wconf 92' lang='lat' dir='ltr'>in</span> <span class='ocrx_word' id='word_1_53' title='bbox 1396 885 1713 947; x_wconf 91' lang='lat' dir='ltr'>eruendam</span> <span class='ocrx_word' id='word_1_54' title='bbox 1754 887 1958 970; x_wconf 79' lang='lat' dir='ltr'>legum</span> <span class='ocrx_word' id='word_1_55' title='bbox 1986 886 2091 948; x_wconf 91' lang='lat' dir='ltr'>ha-</span> 
     </span>
     <span class='ocr_line' id='line_1_9' title="bbox 144 968 2092 1045; baseline 0 -11"><span class='ocrx_word' id='word_1_56' title='bbox 144 996 274 1034; x_wconf 90' lang='lat' dir='ltr'>rum</span> <span class='ocrx_word' id='word_1_57' title='bbox 307 983 584 1045; x_wconf 86' lang='lat' dir='ltr'>aetatem,</span> <span class='ocrx_word' id='word_1_58' title='bbox 618 981 677 1031; x_wconf 90' lang='lat' dir='ltr'>et</span> <span class='ocrx_word' id='word_1_59' title='bbox 708 968 1190 1031; x_wconf 88' lang='lat' dir='ltr'>constitutionem</span> <span class='ocrx_word' id='word_1_60' title='bbox 1229 969 1301 1030; x_wconf 92' lang='lat' dir='ltr'>de</span> <span class='ocrx_word' id='word_1_61' title='bbox 1341 969 1512 1031; x_wconf 90' lang='lat' dir='ltr'>modo</span> <span class='ocrx_word' id='word_1_62' title='bbox 1554 970 1924 1032; x_wconf 87' lang='lat' dir='ltr'>executionis</span> <span class='ocrx_word' id='word_1_63' title='bbox 1957 994 2092 1034; x_wconf 92' lang='lat' dir='ltr'>sen-</span> 
     </span>
     <span class='ocr_line' id='line_1_10' title="bbox 145 1052 2090 1138; baseline -0.001 -19"><span class='ocrx_word' id='word_1_64' title='bbox 145 1056 465 1119; x_wconf 86' lang='lat' dir='ltr'>tentiarum</span> <span class='ocrx_word' id='word_1_65' title='bbox 496 1052 958 1115; x_wconf 88' lang='lat' dir='ltr'>elucubrandam</span> <span class='ocrx_word' id='word_1_66' title='bbox 991 1053 1220 1129; x_wconf 88' lang='lat' dir='ltr'>attulit,</span> <span class='ocrx_word' id='word_1_67' title='bbox 1250 1052 1690 1138; x_wconf 86' lang='lat' dir='ltr'>jucundissima</span> <span class='ocrx_word' id='word_1_68' title='bbox 1728 1054 1928 1117; x_wconf 87' lang='lat' dir='ltr'>sutura</span> <span class='ocrx_word' id='word_1_69' title='bbox 1960 1067 2090 1118; x_wconf 84' lang='lat' dir='ltr'>erat</span> 
     </span>
     <span class='ocr_line' id='line_1_11' title="bbox 145 1137 2086 1224; baseline -0.001 -23"><span class='ocrx_word' id='word_1_70' title='bbox 145 1163 397 1203; x_wconf 86' lang='lat' dir='ltr'>merces:</span> <span class='ocrx_word' id='word_1_71' title='bbox 447 1137 650 1201; x_wconf 86' lang='lat' dir='ltr'>videre</span> <span class='ocrx_word' id='word_1_72' title='bbox 690 1137 749 1198; x_wconf 91' lang='lat' dir='ltr'>in</span> <span class='ocrx_word' id='word_1_73' title='bbox 791 1161 969 1224; x_wconf 90' lang='lat' dir='ltr'>opere</span> <span class='ocrx_word' id='word_1_74' title='bbox 1002 1138 1131 1214; x_wconf 89' lang='lat' dir='ltr'>illo,</span> <span class='ocrx_word' id='word_1_75' title='bbox 1179 1150 1477 1222; x_wconf 86' lang='lat' dir='ltr'>tamquam</span> <span class='ocrx_word' id='word_1_76' title='bbox 1511 1138 1783 1224; x_wconf 90' lang='lat' dir='ltr'>speculo:</span> <span class='ocrx_word' id='word_1_77' title='bbox 1818 1162 1935 1202; x_wconf 93' lang='lat' dir='ltr'>non</span> <span class='ocrx_word' id='word_1_78' title='bbox 1976 1139 2086 1201; x_wconf 88' lang='lat' dir='ltr'>abs</span> 
     </span>
     <span class='ocr_line' id='line_1_12' title="bbox 150 1222 2091 1309; baseline -0.001 -22"><span class='ocrx_word' id='word_1_79' title='bbox 150 1249 215 1287; x_wconf 89' lang='lat' dir='ltr'>re</span> <span class='ocrx_word' id='word_1_80' title='bbox 246 1247 314 1285; x_wconf 86' lang='lat' dir='ltr'>se</span> <span class='ocrx_word' id='word_1_81' title='bbox 346 1225 538 1309; x_wconf 82' lang='lat' dir='ltr'>leges,</span> <span class='ocrx_word' id='word_1_82' title='bbox 571 1222 683 1285; x_wconf 91' lang='lat' dir='ltr'>hoc</span> <span class='ocrx_word' id='word_1_83' title='bbox 715 1222 1178 1308; x_wconf 88' lang='lat' dir='ltr'>comprehensas</span> <span class='ocrx_word' id='word_1_84' title='bbox 1211 1222 1631 1298; x_wconf 86' lang='lat' dir='ltr'>additamento,</span> <span class='ocrx_word' id='word_1_85' title='bbox 1663 1223 1950 1286; x_wconf 81' lang='lat' dir='ltr'>Andreae</span> <span class='ocrx_word' id='word_1_86' title='bbox 1979 1227 2091 1285; x_wconf 88' lang='grc' dir='ltr'><strong>ΙΙΙ.</strong></span> 
     </span>
     <span class='ocr_line' id='line_1_13' title="bbox 156 1305 2092 1392; baseline 0 -21"><span class='ocrx_word' id='word_1_87' title='bbox 156 1308 383 1371; x_wconf 89' lang='lat' dir='ltr'>auctori</span> <span class='ocrx_word' id='word_1_88' title='bbox 418 1307 762 1370; x_wconf 87' lang='lat' dir='ltr'>adscribere</span> <span class='ocrx_word' id='word_1_89' title='bbox 794 1305 1106 1370; x_wconf 85' lang='lat' dir='ltr'>dubitasse</span> <span class='ocrx_word' id='word_1_90' title='bbox 1124 1314 1192 1387; x_wconf 79' lang='lat'>⁶).</span> <span class='ocrx_word' id='word_1_91' title='bbox 1226 1312 1339 1370; x_wconf 82' lang='lat' dir='ltr'>Est</span> <span class='ocrx_word' id='word_1_92' title='bbox 1370 1331 1624 1392; x_wconf 89' lang='lat' dir='ltr'>namque</span> <span class='ocrx_word' id='word_1_93' title='bbox 1658 1307 1770 1369; x_wconf 92' lang='lat' dir='ltr'>hoc</span> <span class='ocrx_word' id='word_1_94' title='bbox 1804 1332 1976 1371; x_wconf 89' lang='lat' dir='ltr'>omne</span> <span class='ocrx_word' id='word_1_95' title='bbox 2017 1332 2092 1371; x_wconf 83' lang='lat' dir='ltr'>ex</span> 
     </span>
     <span class='ocr_line' id='line_1_14' title="bbox 149 1393 2087 1478; baseline 0 -23"><span class='ocrx_word' id='word_1_96' title='bbox 149 1393 393 1456; x_wconf 89' lang='lat' dir='ltr'>statutis</span> <span class='ocrx_word' id='word_1_97' title='bbox 427 1416 625 1478; x_wconf 91' lang='lat' dir='ltr'>„quae</span> <span class='ocrx_word' id='word_1_98' title='bbox 659 1393 914 1454; x_wconf 86' lang='lat' dir='ltr'>Carolus</span> <span class='ocrx_word' id='word_1_99' title='bbox 935 1400 1077 1469; x_wconf 85' lang='lat' dir='ltr'>Rex,</span> <span class='ocrx_word' id='word_1_100' title='bbox 1111 1393 1632 1468; x_wconf 55' lang='lat' dir='ltr'>Praelator‘um,</span> <span class='ocrx_word' id='word_1_101' title='bbox 1665 1396 2087 1473; x_wconf 76' lang='lat' dir='ltr'>Baronum7]</span> 
     </span>
     <span class='ocr_line' id='line_1_15' title="bbox 148 1476 2091 1564; baseline -0.001 -24"><span class='ocrx_word' id='word_1_102' title='bbox 148 1477 375 1540; x_wconf 87' lang='lat' dir='ltr'>salubri</span> <span class='ocrx_word' id='word_1_103' title='bbox 423 1501 569 1539; x_wconf 88' lang='lat' dir='ltr'>usus</span> <span class='ocrx_word' id='word_1_104' title='bbox 611 1476 886 1552; x_wconf 88' lang='lat' dir='ltr'>consilio,</span> <span class='ocrx_word' id='word_1_105' title='bbox 928 1501 1113 1564; x_wconf 91' lang='lat' dir='ltr'>super</span> <span class='ocrx_word' id='word_1_106' title='bbox 1142 1478 1299 1540; x_wconf 87' lang='lat' dir='ltr'>facto</span> <span class='ocrx_word' id='word_1_107' title='bbox 1337 1477 1707 1540; x_wconf 86' lang='lat' dir='ltr'>executionis</span> <span class='ocrx_word' id='word_1_108' title='bbox 1729 1477 2091 1562; x_wconf 88' lang='lat' dir='ltr'>judiciorum</span> 
     </span>
     <span class='ocr_line' id='line_1_16' title="bbox 148 1561 2090 1647; baseline 0 -23"><span class='ocrx_word' id='word_1_109' title='bbox 148 1585 258 1624; x_wconf 90' lang='lat' dir='ltr'>seu</span> <span class='ocrx_word' id='word_1_110' title='bbox 290 1562 695 1647; x_wconf 82' lang='lat' dir='ltr'>birsagiorum</span> <span class='ocrx_word' id='word_1_111' title='bbox 729 1574 789 1624; x_wconf 87' lang='lat' dir='ltr'>et</span> <span class='ocrx_word' id='word_1_112' title='bbox 828 1561 1280 1646; x_wconf 89' lang='lat' dir='ltr'>quaestionibus</span> <span class='ocrx_word' id='word_1_113' title='bbox 1325 1561 1457 1623; x_wconf 87' lang='lat' dir='ltr'>aliis</span> <span class='ocrx_word' id='word_1_114' title='bbox 1499 1562 1790 1636; x_wconf 81' lang='lat' dir='ltr'>condidit,</span> <span class='ocrx_word' id='word_1_115' title='bbox 1825 1561 2090 1626; x_wconf 85' lang='lat' dir='ltr'>condita-</span> 
     </span>
     <span class='ocr_line' id='line_1_17' title="bbox 147 1645 2093 1731; baseline 0 -23"><span class='ocrx_word' id='word_1_116' title='bbox 147 1670 261 1731; x_wconf 90' lang='lat' dir='ltr'>que</span> <span class='ocrx_word' id='word_1_117' title='bbox 307 1646 567 1731; x_wconf 83' lang='lat' dir='ltr'>singulis</span> <span class='ocrx_word' id='word_1_118' title='bbox 618 1645 1017 1708; x_wconf 86' lang='lat' dir='ltr'>Comitatibus</span> <span class='ocrx_word' id='word_1_119' title='bbox 1071 1647 1425 1730; x_wconf 83' lang='lat' dir='ltr'>Hungariae</span> <span class='ocrx_word' id='word_1_120' title='bbox 1469 1645 1847 1709; x_wconf 87' lang='lat' dir='ltr'>transmisit“</span> <span class='ocrx_word' id='word_1_121' title='bbox 1890 1645 2093 1710; x_wconf 90' lang='lat' dir='ltr'>decer-</span> 
     </span>
     <span class='ocr_line' id='line_1_18' title="bbox 149 1730 2091 1817; baseline 0.001 -25"><span class='ocrx_word' id='word_1_122' title='bbox 149 1743 335 1816; x_wconf 90' lang='lat' dir='ltr'>ptum,</span> <span class='ocrx_word' id='word_1_123' title='bbox 387 1730 525 1816; x_wconf 92' lang='lat' dir='ltr'>quin</span> <span class='ocrx_word' id='word_1_124' title='bbox 558 1731 927 1817; x_wconf 87' lang='lat' dir='ltr'>Compilator</span> <span class='ocrx_word' id='word_1_125' title='bbox 958 1731 1140 1792; x_wconf 90' lang='lat' dir='ltr'>libelli</span> <span class='ocrx_word' id='word_1_126' title='bbox 1179 1731 1494 1793; x_wconf 78' lang='lat' dir='ltr'>&#39;Vladislao</span> <span class='ocrx_word' id='word_1_127' title='bbox 1526 1735 1570 1792; x_wconf 92' lang='lat' dir='ltr'>l.</span> <span class='ocrx_word' id='word_1_128' title='bbox 1621 1755 1727 1817; x_wconf 90' lang='lat' dir='ltr'>pro</span> <span class='ocrx_word' id='word_1_129' title='bbox 1779 1732 2091 1794; x_wconf 84' lang='lat' dir='ltr'>confirma-</span> 
     </span>
     <span class='ocr_line' id='line_1_19' title="bbox 146 1814 2089 1901; baseline 0.001 -24"><span class='ocrx_word' id='word_1_130' title='bbox 146 1814 307 1878; x_wconf 90' lang='lat' dir='ltr'>tione</span> <span class='ocrx_word' id='word_1_131' title='bbox 352 1838 458 1901; x_wconf 92' lang='lat' dir='ltr'>per</span> <span class='ocrx_word' id='word_1_132' title='bbox 489 1815 748 1878; x_wconf 89' lang='lat' dir='ltr'>Ordines</span> <span class='ocrx_word' id='word_1_133' title='bbox 788 1815 962 1899; x_wconf 84' lang='lat' dir='ltr'>regni</span> <span class='ocrx_word' id='word_1_134' title='bbox 1004 1814 1213 1890; x_wconf 88' lang='lat' dir='ltr'>oblati,</span> <span class='ocrx_word' id='word_1_135' title='bbox 1256 1814 1369 1877; x_wconf 93' lang='lat' dir='ltr'>hoc</span> <span class='ocrx_word' id='word_1_136' title='bbox 1407 1815 1631 1900; x_wconf 89' lang='lat' dir='ltr'>ipsum,</span> <span class='ocrx_word' id='word_1_137' title='bbox 1686 1818 1771 1877; x_wconf 87' lang='lat' dir='ltr'>uti</span> <span class='ocrx_word' id='word_1_138' title='bbox 1814 1815 2089 1892; x_wconf 87' lang='lat' dir='ltr'>debebat,</span> 
     </span>
    </p>
   </div>
   <div class='ocr_carea' id='block_1_3' title="bbox 147 2080 2090 2740">
    <p class='ocr_par' dir='ltr' id='par_1_3' title="bbox 147 2080 2090 2740">
     <span class='ocr_line' id='line_1_20' title="bbox 323 2080 2090 2150; baseline 0 -15"><span class='ocrx_word' id='word_1_139' title='bbox 323 2088 372 2147; x_wconf 84' lang='lat'>4)</span> <span class='ocrx_word' id='word_1_140' title='bbox 403 2086 473 2135; x_wconf 88' lang='lat' dir='ltr'>Ex</span> <span class='ocrx_word' id='word_1_141' title='bbox 506 2094 597 2136; x_wconf 85' lang='lat' dir='ltr'>art.</span> <span class='ocrx_word' id='word_1_142' title='bbox 636 2084 733 2135; x_wconf 80' lang='lat'>50.</span> <span class='ocrx_word' id='word_1_143' title='bbox 761 2083 857 2134; x_wconf 85' lang='lat'>51.</span> <span class='ocrx_word' id='word_1_144' title='bbox 887 2083 984 2135; x_wconf 87' lang='grc'>66.</span> <span class='ocrx_word' id='word_1_145' title='bbox 1015 2080 1112 2136; x_wconf 87' lang='grc'>68.</span> <span class='ocrx_word' id='word_1_146' title='bbox 1161 2086 1419 2150; x_wconf 85' lang='lat' dir='ltr'>Antiquata</span> <span class='ocrx_word' id='word_1_147' title='bbox 1450 2085 1599 2134; x_wconf 88' lang='lat' dir='ltr'>veteri</span> <span class='ocrx_word' id='word_1_148' title='bbox 1634 2085 1937 2134; x_wconf 82' lang='lat' dir='ltr'>executionis</span> <span class='ocrx_word' id='word_1_149' title='bbox 1970 2082 2090 2135; x_wconf 85' lang='lat' dir='ltr'>sen-</span> 
     </span>
     <span class='ocr_line' id='line_1_21' title="bbox 147 2157 2089 2235; baseline -0.001 -15"><span class='ocrx_word' id='word_1_150' title='bbox 147 2170 411 2220; x_wconf 88' lang='lat' dir='ltr'>tentiarum</span> <span class='ocrx_word' id='word_1_151' title='bbox 435 2169 807 2235; x_wconf 86' lang='lat' dir='ltr'>judiciariarum</span> <span class='ocrx_word' id='word_1_152' title='bbox 846 2185 1045 2230; x_wconf 86' lang='lat' dir='ltr'>norma,</span> <span class='ocrx_word' id='word_1_153' title='bbox 1089 2157 1367 2219; x_wconf 86' lang='lat' dir='ltr'>secundum</span> <span class='ocrx_word' id='word_1_154' title='bbox 1401 2185 1545 2234; x_wconf 90' lang='lat' dir='ltr'>quam</span> <span class='ocrx_word' id='word_1_155' title='bbox 1577 2169 1707 2218; x_wconf 89' lang='lat' dir='ltr'>hona</span> <span class='ocrx_word' id='word_1_156' title='bbox 1750 2170 1800 2218; x_wconf 91' lang='lat' dir='ltr'>in</span> <span class='ocrx_word' id='word_1_157' title='bbox 1832 2169 2089 2219; x_wconf 83' lang='lat' dir='ltr'>executio-</span> 
     </span>
     <span class='ocr_line' id='line_1_22' title="bbox 147 2254 2086 2319; baseline 0 -15"><span class='ocrx_word' id='word_1_158' title='bbox 147 2269 259 2303; x_wconf 86' lang='lat' dir='ltr'>nem</span> <span class='ocrx_word' id='word_1_159' title='bbox 293 2262 472 2315; x_wconf 87' lang='lat' dir='ltr'>sumta,</span> <span class='ocrx_word' id='word_1_160' title='bbox 512 2256 552 2304; x_wconf 90' lang='lat' dir='ltr'>si</span> <span class='ocrx_word' id='word_1_161' title='bbox 585 2255 777 2319; x_wconf 86' lang='lat' dir='ltr'>cognati</span> <span class='ocrx_word' id='word_1_162' title='bbox 809 2269 910 2303; x_wconf 91' lang='lat' dir='ltr'>non</span> <span class='ocrx_word' id='word_1_163' title='bbox 940 2255 1285 2314; x_wconf 80' lang='lat' dir='ltr'>redemissent,</span> <span class='ocrx_word' id='word_1_164' title='bbox 1314 2254 1363 2302; x_wconf 91' lang='lat' dir='ltr'>in</span> <span class='ocrx_word' id='word_1_165' title='bbox 1394 2262 1691 2318; x_wconf 88' lang='lat' dir='ltr'>perpetuum</span> <span class='ocrx_word' id='word_1_166' title='bbox 1719 2254 2086 2315; x_wconf 63' lang='lat' dir='ltr'>amittebantur‘,</span> 
     </span>
     <span class='ocr_line' id='line_1_23' title="bbox 147 2335 2089 2403; baseline 0 -15"><span class='ocrx_word' id='word_1_167' title='bbox 147 2339 326 2403; x_wconf 82' lang='lat' dir='ltr'>pignus</span> <span class='ocrx_word' id='word_1_168' title='bbox 370 2338 599 2403; x_wconf 85' lang='lat' dir='ltr'>judiciale</span> <span class='ocrx_word' id='word_1_169' title='bbox 646 2338 918 2388; x_wconf 85' lang='lat' dir='ltr'>instituitur</span> <span class='ocrx_word' id='word_1_170' title='bbox 963 2338 1212 2387; x_wconf 73' lang='lat' dir='ltr'>Verbdczii</span> <span class='ocrx_word' id='word_1_171' title='bbox 1251 2338 1304 2387; x_wconf 91' lang='lat' dir='ltr'>P.</span> <span class='ocrx_word' id='word_1_172' title='bbox 1339 2338 1400 2386; x_wconf 87' lang='lat' dir='ltr'>ll.</span> <span class='ocrx_word' id='word_1_173' title='bbox 1435 2353 1480 2387; x_wconf 90' lang='lat' dir='ltr'>c.</span> <span class='ocrx_word' id='word_1_174' title='bbox 1519 2335 1594 2386; x_wconf 79' lang='lat'>56</span> <span class='ocrx_word' id='word_1_175' title='bbox 1648 2338 1970 2402; x_wconf 89' lang='lat' dir='ltr'>descriptum.</span> <span class='ocrx_word' id='word_1_176' title='bbox 2018 2340 2089 2388; x_wconf 88' lang='lat' dir='ltr'>Ad</span> 
     </span>
     <span class='ocr_line' id='line_1_24' title="bbox 150 2422 2089 2487; baseline 0.001 -16"><span class='ocrx_word' id='word_1_177' title='bbox 150 2423 432 2487; x_wconf 82' lang='lat' dir='ltr'>cujusmodi</span> <span class='ocrx_word' id='word_1_178' title='bbox 464 2423 866 2473; x_wconf 84' lang='lat' dir='ltr'>constitutionem</span> <span class='ocrx_word' id='word_1_179' title='bbox 894 2423 1143 2487; x_wconf 87' lang='lat' dir='ltr'>judicibus</span> <span class='ocrx_word' id='word_1_180' title='bbox 1175 2423 1435 2471; x_wconf 87' lang='lat' dir='ltr'>ordinariis</span> <span class='ocrx_word' id='word_1_181' title='bbox 1465 2422 1669 2471; x_wconf 87' lang='lat' dir='ltr'>invisam</span> <span class='ocrx_word' id='word_1_182' title='bbox 1700 2423 1807 2487; x_wconf 81' lang='lat' dir='ltr'>lege</span> <span class='ocrx_word' id='word_1_183' title='bbox 1833 2423 2089 2473; x_wconf 86' lang='lat' dir='ltr'>stabilien—</span> 
     </span>
     <span class='ocr_line' id='line_1_25' title="bbox 148 2507 2088 2571; baseline 0 -15"><span class='ocrx_word' id='word_1_184' title='bbox 148 2508 279 2566; x_wconf 84' lang='lat' dir='ltr'>dam,</span> <span class='ocrx_word' id='word_1_185' title='bbox 310 2513 444 2556; x_wconf 90' lang='lat' dir='ltr'>tanta</span> <span class='ocrx_word' id='word_1_186' title='bbox 476 2523 602 2571; x_wconf 89' lang='lat' dir='ltr'>opus</span> <span class='ocrx_word' id='word_1_187' title='bbox 634 2508 922 2556; x_wconf 85' lang='lat' dir='ltr'>auctoritate</span> <span class='ocrx_word' id='word_1_188' title='bbox 954 2507 1070 2565; x_wconf 86' lang='lat' dir='ltr'>suit,</span> <span class='ocrx_word' id='word_1_189' title='bbox 1105 2513 1336 2570; x_wconf 87' lang='lat' dir='ltr'>quantam</span> <span class='ocrx_word' id='word_1_190' title='bbox 1368 2507 1551 2555; x_wconf 89' lang='lat' dir='ltr'>nedum</span> <span class='ocrx_word' id='word_1_191' title='bbox 1581 2507 1818 2568; x_wconf 80' lang='lat' dir='ltr'>AndreaS,</span> <span class='ocrx_word' id='word_1_192' title='bbox 1853 2523 2088 2571; x_wconf 87' lang='lat' dir='ltr'>praeser-</span> 
     </span>
     <span class='ocr_line' id='line_1_26' title="bbox 149 2589 2084 2655; baseline 0.001 -16"><span class='ocrx_word' id='word_1_193' title='bbox 149 2592 238 2640; x_wconf 88' lang='lat' dir='ltr'>tim</span> <span class='ocrx_word' id='word_1_194' title='bbox 272 2598 387 2655; x_wconf 86' lang='lat' dir='ltr'>post</span> <span class='ocrx_word' id='word_1_195' title='bbox 417 2607 460 2640; x_wconf 93' lang='lat' dir='ltr'>a.</span> <span class='ocrx_word' id='word_1_196' title='bbox 490 2589 650 2641; x_wconf 82' lang='lat'>1298</span> <span class='ocrx_word' id='word_1_197' title='bbox 677 2598 986 2655; x_wconf 88' lang='lat' dir='ltr'>mortemque</span> <span class='ocrx_word' id='word_1_198' title='bbox 1017 2591 1297 2640; x_wconf 90' lang='lat' dir='ltr'>Lodomerii</span> <span class='ocrx_word' id='word_1_199' title='bbox 1322 2591 1692 2655; x_wconf 87' lang='lat' dir='ltr'>Archiepiscopi</span> <span class='ocrx_word' id='word_1_200' title='bbox 1713 2591 2084 2655; x_wconf 75' lang='lat' dir='ltr'>StrigoiiiensiS,</span> 
     </span>
     <span class='ocr_line' id='line_1_27' title="bbox 148 2675 2078 2740; baseline 0.001 -16"><span class='ocrx_word' id='word_1_201' title='bbox 148 2676 236 2725; x_wconf 86' lang='lat' dir='ltr'>sed</span> <span class='ocrx_word' id='word_1_202' title='bbox 265 2691 328 2724; x_wconf 86' lang='lat' dir='ltr'>ne</span> <span class='ocrx_word' id='word_1_203' title='bbox 360 2676 566 2725; x_wconf 87' lang='lat' dir='ltr'>Carolus</span> <span class='ocrx_word' id='word_1_204' title='bbox 597 2676 796 2740; x_wconf 90' lang='lat' dir='ltr'>quidem</span> <span class='ocrx_word' id='word_1_205' title='bbox 828 2676 1094 2734; x_wconf 79' lang='lat' dir='ltr'>RobertUS‚</span> <span class='ocrx_word' id='word_1_206' title='bbox 1129 2676 1225 2724; x_wconf 90' lang='lat' dir='ltr'>nisi</span> <span class='ocrx_word' id='word_1_207' title='bbox 1257 2675 1381 2724; x_wconf 92' lang='lat' dir='ltr'>solio</span> <span class='ocrx_word' id='word_1_208' title='bbox 1406 2675 1507 2739; x_wconf 85' lang='lat' dir='ltr'>jam</span> <span class='ocrx_word' id='word_1_209' title='bbox 1543 2676 1854 2735; x_wconf 83' lang='lat' dir='ltr'>confirmato,</span> <span class='ocrx_word' id='word_1_210' title='bbox 1887 2676 2078 2725; x_wconf 84' lang='lat' dir='ltr'>habuit.</span> 
     </span>
    </p>
   </div>
   <div class='ocr_carea' id='block_1_4' title="bbox 149 2772 2080 2924">
    <p class='ocr_par' dir='ltr' id='par_1_4' title="bbox 149 2772 2080 2924">
     <span class='ocr_line' id='line_1_28' title="bbox 325 2772 2080 2839; baseline 0 -15"><span class='ocrx_word' id='word_1_211' title='bbox 325 2777 371 2836; x_wconf 83' lang='lat'>5)</span> <span class='ocrx_word' id='word_1_212' title='bbox 402 2775 503 2824; x_wconf 88' lang='lat' dir='ltr'>Art.</span> <span class='ocrx_word' id='word_1_213' title='bbox 553 2772 629 2824; x_wconf 82' lang='lat'>57</span> <span class='ocrx_word' id='word_1_214' title='bbox 681 2791 827 2839; x_wconf 84' lang='lat' dir='ltr'>quem</span> <span class='ocrx_word' id='word_1_215' title='bbox 867 2775 1077 2824; x_wconf 81' lang='lat' dir='ltr'>formula</span> <span class='ocrx_word' id='word_1_216' title='bbox 1126 2775 1362 2824; x_wconf 88' lang='lat' dir='ltr'>solemnis</span> <span class='ocrx_word' id='word_1_217' title='bbox 1411 2773 1519 2838; x_wconf 80' lang='lat' dir='ltr'>styli</span> <span class='ocrx_word' id='word_1_218' title='bbox 1558 2773 1735 2823; x_wconf 88' lang='lat' dir='ltr'>Curiae</span> <span class='ocrx_word' id='word_1_219' title='bbox 1774 2772 2010 2824; x_wconf 85' lang='lat' dir='ltr'>Ludovici</span> <span class='ocrx_word' id='word_1_220' title='bbox 2041 2774 2080 2824; x_wconf 90' lang='grc' dir='ltr'>Ι.</span> 
     </span>
     <span class='ocr_line' id='line_1_29' title="bbox 149 2856 981 2924; baseline 0.001 -17"><span class='ocrx_word' id='word_1_221' title='bbox 149 2874 199 2922; x_wconf 87' lang='lat' dir='ltr'>p.</span> <span class='ocrx_word' id='word_1_222' title='bbox 235 2857 270 2907; x_wconf 83' lang='lat'><strong>2</strong></span> <span class='ocrx_word' id='word_1_223' title='bbox 304 2866 353 2908; x_wconf 89' lang='lat' dir='ltr'>et</span> <span class='ocrx_word' id='word_1_224' title='bbox 386 2856 418 2909; x_wconf 87' lang='lat'><strong>3</strong></span> <span class='ocrx_word' id='word_1_225' title='bbox 454 2859 724 2909; x_wconf 87' lang='lat' dir='ltr'>clarissime</span> <span class='ocrx_word' id='word_1_226' title='bbox 757 2860 981 2924; x_wconf 83' lang='lat' dir='ltr'>explicat.</span> 
     </span>
    </p>
   </div>
   <div class='ocr_carea' id='block_1_5' title="bbox 149 2971 2085 3207">
    <p class='ocr_par' dir='ltr' id='par_1_5' title="bbox 149 2971 2085 3207">
     <span class='ocr_line' id='line_1_30' title="bbox 325 2971 2085 3041; baseline -0.001 -19"><span class='ocrx_word' id='word_1_227' title='bbox 325 2976 372 3034; x_wconf 79' lang='grc'>6)</span> <span class='ocrx_word' id='word_1_228' title='bbox 405 2974 710 3024; x_wconf 87' lang='lat' dir='ltr'>Skerleezius</span> <span class='ocrx_word' id='word_1_229' title='bbox 750 2974 941 3041; x_wconf 86' lang='lat' dir='ltr'>primus</span> <span class='ocrx_word' id='word_1_230' title='bbox 980 2974 1162 3035; x_wconf 86' lang='lat' dir='ltr'>suerat,</span> <span class='ocrx_word' id='word_1_231' title='bbox 1215 2974 1297 3038; x_wconf 88' lang='lat' dir='ltr'>qui</span> <span class='ocrx_word' id='word_1_232' title='bbox 1346 2987 1436 3038; x_wconf 86' lang='lat' dir='ltr'>pro</span> <span class='ocrx_word' id='word_1_233' title='bbox 1477 2972 1721 3037; x_wconf 19' lang='lat' dir='ltr'>,singulari</span> <span class='ocrx_word' id='word_1_234' title='bbox 1769 2973 1871 3021; x_wconf 88' lang='lat' dir='ltr'>acie</span> <span class='ocrx_word' id='word_1_235' title='bbox 1913 2971 2085 3037; x_wconf 82' lang='lat' dir='ltr'>judieii</span> 
     </span>
     <span class='ocr_line' id='line_1_31' title="bbox 149 3054 2084 3123; baseline -0.001 -17"><span class='ocrx_word' id='word_1_236' title='bbox 149 3057 250 3119; x_wconf 89' lang='lat' dir='ltr'>sui,</span> <span class='ocrx_word' id='word_1_237' title='bbox 293 3059 354 3107; x_wconf 88' lang='lat' dir='ltr'>ad</span> <span class='ocrx_word' id='word_1_238' title='bbox 393 3058 550 3117; x_wconf 88' lang='lat' dir='ltr'>illam,</span> <span class='ocrx_word' id='word_1_239' title='bbox 584 3074 708 3122; x_wconf 86' lang='lat' dir='ltr'>quae</span> <span class='ocrx_word' id='word_1_240' title='bbox 739 3059 868 3108; x_wconf 88' lang='lat' dir='ltr'>inter</span> <span class='ocrx_word' id='word_1_241' title='bbox 903 3059 1038 3123; x_wconf 87' lang='lat' dir='ltr'>leges</span> <span class='ocrx_word' id='word_1_242' title='bbox 1069 3059 1288 3108; x_wconf 81' lang='lat' dir='ltr'>Andreae</span> <span class='ocrx_word' id='word_1_243' title='bbox 1319 3058 1403 3108; x_wconf 82' lang='lat'>111.</span> <span class='ocrx_word' id='word_1_244' title='bbox 1440 3059 1499 3107; x_wconf 92' lang='lat' dir='ltr'>de</span> <span class='ocrx_word' id='word_1_245' title='bbox 1530 3074 1574 3107; x_wconf 85' lang='lat' dir='ltr'>a.</span> <span class='ocrx_word' id='word_1_246' title='bbox 1615 3054 1804 3115; x_wconf 79' lang='lat'>1298,</span> <span class='ocrx_word' id='word_1_247' title='bbox 1838 3057 2084 3109; x_wconf 88' lang='lat' dir='ltr'>constitu-</span> 
     </span>
     <span class='ocr_line' id='line_1_32' title="bbox 149 3140 2079 3207; baseline -0.001 -17"><span class='ocrx_word' id='word_1_248' title='bbox 149 3141 310 3192; x_wconf 90' lang='lat' dir='ltr'>tiones</span> <span class='ocrx_word' id='word_1_249' title='bbox 342 3142 460 3192; x_wconf 88' lang='lat' dir='ltr'>item</span> <span class='ocrx_word' id='word_1_250' title='bbox 487 3142 566 3190; x_wconf 93' lang='lat' dir='ltr'>his</span> <span class='ocrx_word' id='word_1_251' title='bbox 597 3157 842 3206; x_wconf 84' lang='lat' dir='ltr'>appensas</span> <span class='ocrx_word' id='word_1_252' title='bbox 874 3150 967 3202; x_wconf 86' lang='lat' dir='ltr'>est,</span> <span class='ocrx_word' id='word_1_253' title='bbox 1003 3144 1339 3207; x_wconf 85' lang='lat' dir='ltr'>disparitatem</span> <span class='ocrx_word' id='word_1_254' title='bbox 1372 3143 1588 3192; x_wconf 88' lang='lat' dir='ltr'>animum</span> <span class='ocrx_word' id='word_1_255' title='bbox 1622 3141 1826 3190; x_wconf 85' lang='lat' dir='ltr'>advertit</span> <span class='ocrx_word' id='word_1_256' title='bbox 1857 3140 2079 3203; x_wconf 89' lang='lat' dir='ltr'>Suplem.</span> 
     </span>
    </p>
   </div>
   <div class='ocr_carea' id='block_1_6' title="bbox 61 3222 2079 3291">
    <p class='ocr_par' dir='ltr' id='par_1_6' title="bbox 61 3222 2079 3291">
     <span class='ocr_line' id='line_1_33' title="bbox 61 3222 2079 3291; baseline -0.001 -17"><span class='ocrx_word' id='word_1_257' title='bbox 61 3283 72 3289; x_wconf 17' lang='grc' dir='ltr'>ἣ</span> <span class='ocrx_word' id='word_1_258' title='bbox 150 3225 210 3274; x_wconf 88' lang='lat' dir='ltr'>ad</span> <span class='ocrx_word' id='word_1_259' title='bbox 239 3227 373 3275; x_wconf 88' lang='lat' dir='ltr'>Vest.</span> <span class='ocrx_word' id='word_1_260' title='bbox 403 3226 582 3275; x_wconf 89' lang='lat' dir='ltr'>Comit.</span> <span class='ocrx_word' id='word_1_261' title='bbox 618 3226 657 3274; x_wconf 94' lang='lat' dir='ltr'>l.</span> <span class='ocrx_word' id='word_1_262' title='bbox 692 3242 742 3290; x_wconf 94' lang='lat' dir='ltr'>p.</span> <span class='ocrx_word' id='word_1_263' title='bbox 772 3222 888 3275; x_wconf 87' lang='lat'>138</span> <span class='ocrx_word' id='word_1_264' title='bbox 923 3243 1028 3291; x_wconf 83' lang='lat' dir='ltr'>seq.</span> <span class='ocrx_word' id='word_1_265' title='bbox 1062 3227 1153 3275; x_wconf 90' lang='lat' dir='ltr'>Est</span> <span class='ocrx_word' id='word_1_266' title='bbox 1182 3228 1304 3274; x_wconf 90' lang='lat' dir='ltr'>haec</span> <span class='ocrx_word' id='word_1_267' title='bbox 1335 3241 1453 3274; x_wconf 87' lang='lat' dir='ltr'>sane</span> <span class='ocrx_word' id='word_1_268' title='bbox 1487 3232 1636 3283; x_wconf 81' lang='lat' dir='ltr'>tanta,</span> <span class='ocrx_word' id='word_1_269' title='bbox 1671 3231 1722 3272; x_wconf 92' lang='lat' dir='ltr'>ut</span> <span class='ocrx_word' id='word_1_270' title='bbox 1752 3224 1859 3271; x_wconf 88' lang='lat' dir='ltr'>illae</span> <span class='ocrx_word' id='word_1_271' title='bbox 1892 3224 2079 3273; x_wconf 90' lang='lat' dir='ltr'>nullum</span> 
     </span>
    </p>
   </div>
   <div class='ocr_carea' id='block_1_7' title="bbox 150 3308 1758 3374">
    <p class='ocr_par' dir='ltr' id='par_1_7' title="bbox 150 3308 1758 3374">
     <span class='ocr_line' id='line_1_34' title="bbox 150 3308 1758 3374; baseline 0 -17"><span class='ocrx_word' id='word_1_272' title='bbox 150 3309 274 3370; x_wconf 84' lang='lat' dir='ltr'>fere,</span> <span class='ocrx_word' id='word_1_273' title='bbox 328 3311 418 3358; x_wconf 87' lang='lat' dir='ltr'>hae</span> <span class='ocrx_word' id='word_1_274' title='bbox 457 3310 660 3374; x_wconf 88' lang='lat' dir='ltr'>plenum</span> <span class='ocrx_word' id='word_1_275' title='bbox 691 3310 993 3359; x_wconf 86' lang='lat' dir='ltr'>auctoritatis</span> <span class='ocrx_word' id='word_1_276' title='bbox 1034 3310 1195 3374; x_wconf 85' lang='lat' dir='ltr'>regiae</span> <span class='ocrx_word' id='word_1_277' title='bbox 1228 3323 1373 3357; x_wconf 90' lang='lat' dir='ltr'>usum</span> <span class='ocrx_word' id='word_1_278' title='bbox 1404 3308 1758 3372; x_wconf 86' lang='lat' dir='ltr'>praeseferant.</span> 
     </span>
    </p>
   </div>
   <div class='ocr_carea' id='block_1_8' title="bbox 154 3418 2078 3572">
    <p class='ocr_par' dir='ltr' id='par_1_8' title="bbox 154 3418 2078 3572">
     <span class='ocr_line' id='line_1_35' title="bbox 329 3418 2078 3486; baseline -0.001 -15"><span class='ocrx_word' id='word_1_279' title='bbox 329 3425 376 3484; x_wconf 85' lang='lat'>⁷)</span> <span class='ocrx_word' id='word_1_280' title='bbox 407 3422 561 3471; x_wconf 87' lang='lat' dir='ltr'>Verba</span> <span class='ocrx_word' id='word_1_281' title='bbox 594 3430 710 3471; x_wconf 90' lang='lat' dir='ltr'>sunt</span> <span class='ocrx_word' id='word_1_282' title='bbox 740 3424 958 3472; x_wconf 85' lang='lat' dir='ltr'>auctoris</span> <span class='ocrx_word' id='word_1_283' title='bbox 991 3422 1177 3486; x_wconf 86' lang='lat' dir='ltr'>opellae</span> <span class='ocrx_word' id='word_1_284' title='bbox 1208 3421 1431 3470; x_wconf 80' lang='lat' dir='ltr'>formulis</span> <span class='ocrx_word' id='word_1_285' title='bbox 1453 3420 1569 3486; x_wconf 81' lang='lat' dir='ltr'>styli</span> <span class='ocrx_word' id='word_1_286' title='bbox 1601 3435 1731 3469; x_wconf 87' lang='lat' dir='ltr'>nunc</span> <span class='ocrx_word' id='word_1_287' title='bbox 1764 3421 1922 3469; x_wconf 88' lang='lat' dir='ltr'>citatis</span> <span class='ocrx_word' id='word_1_288' title='bbox 1947 3436 1998 3484; x_wconf 93' lang='lat' dir='ltr'>p.</span> <span class='ocrx_word' id='word_1_289' title='bbox 2022 3418 2078 3470; x_wconf 74' lang='lat'>2.</span> 
     </span>
     <span class='ocr_line' id='line_1_36' title="bbox 154 3502 499 3572; baseline -0.003 -16"><span class='ocrx_word' id='word_1_290' title='bbox 154 3502 208 3556; x_wconf 88' lang='grc'>3.</span> <span class='ocrx_word' id='word_1_291' title='bbox 242 3509 499 3572; x_wconf 82' lang='lat' dir='ltr'>praefixae.</span> 
     </span>
    </p>
   </div>
   <div class='ocr_carea' id='block_1_9' title="bbox 225 3585 1650 3647">
    <p class='ocr_par' dir='ltr' id='par_1_9' title="bbox 225 3585 1650 3647">
     <span class='ocr_line' id='line_1_37' title="bbox 225 3585 1650 3647; baseline 0.001 -2"><span class='ocrx_word' id='word_1_292' title='bbox 225 3603 435 3647; x_wconf 71' lang='lat' dir='ltr'><strong>BARTAL</strong></span> <span class='ocrx_word' id='word_1_293' title='bbox 465 3603 512 3647; x_wconf 82' lang='lat' dir='ltr'>T.</span> <span class='ocrx_word' id='word_1_294' title='bbox 544 3603 595 3646; x_wconf 88' lang='lat'>11.</span> <span class='ocrx_word' id='word_1_295' title='bbox 1575 3585 1650 3638; x_wconf 67' lang='lat'>14</span> 
     </span>
    </p>
   </div>
  </div>
 </body>
</html>
