2358 3874
360 211 536 266 XLVI

360 345 608 398 similiter
661 346 973 406 totidem3
1033 353 1088 395 et
1137 354 1338 397 octavo
1391 347 1478 397 die
1531 344 1662 398 festi
1726 350 2027 403 nativitatis
2079 350 2298 411 Domini

359 432 716 486 consimiliter
771 433 1081 494 totidem3
1155 441 1376 484 octavo⁴
1416 450 1553 485 vero
1612 434 1698 484 die
1757 433 1885 487 festi
1940 447 2298 506 pentecostes

359 519 876 590 quatuordecim
917 520 1360 571 centenarios
1405 520 1838 572 denariorum
1892 533 1956 575 et
2003 526 2298 596 triginta

361 616 501 659 tres
540 607 864 659 denarios
905 608 978 658 de
1020 615 1294 658 moneta
1334 624 1439 675 pro
1480 616 1730 675 tempore
1770 608 1826 660 in
1855 610 2000 662 dicto
2022 611 2298 666 Comitatu

358 711 579 746 cursum
620 693 894 755 habente3
933 695 1062 745 item
1101 711 1205 762 pro
1246 711 1475 745 munere
1510 694 1563 745 in
1600 695 1839 765 singulis
1866 696 2025 749 festis
2050 699 2296 766 paschae

356 780 576 833 Domini
617 783 684 832 de
725 781 961 850 singulis
1001 781 1338 849 supradictis
1378 781 1523 834 villis
1551 784 1620 834 ad
1653 784 1884 834 eandem
1906 782 2110 838 Sedem
2137 785 2297 839 Gelle

355 869 755 937 pertinentibus
814 868 1128 939 singulos
1182 869 1528 939 agnellos·
1595 871 1665 922 Et
1713 870 1860 922 ultra
1911 870 2056 924 haec
2104 873 2299 942 populi

354 955 530 1007 nostri
583 957 636 1007 in
689 956 835 1008 dicta
888 955 1020 1009 villa
1071 965 1266 1009 nostra
1304 957 1473 1028 Nagy
1509 956 1701 1010 Luche
1741 968 2148 1012 commorantes
2187 960 2297 1012 sin·

353 1043 510 1113 gulis-
540 1043 699 1095 annis
745 1044 798 1095 in
840 1043 984 1095 festo
1038 1045 1091 1096 b.
1133 1044 1430 1096 Michaelis
1472 1045 1815 1116 Archangeli
1862 1047 2297 1117 quadringentos

356 1140 409 1182 et
449 1131 822 1200 quadraginta
864 1132 1153 1193 denarios3
1193 1133 1245 1183 in
1287 1131 1435 1183 festo
1464 1141 1658 1183 autem⁸
1688 1134 1740 1184 b.
1769 1131 2000 1203 Georgii
2027 1132 2295 1203 Martyris

352 1218 530 1269 minus
570 1226 697 1269 octo
740 1218 984 1294 denariis
1023 1228 1242 1270 centum
1281 1219 1568 1281 denarios3
1618 1219 1808 1288 populi
1833 1229 2015 1271 autem
2042 1221 2095 1273 in
2130 1238 2294 1290 prae·

351 1303 470 1356 fata
509 1304 640 1356 villa
682 1314 874 1357 nostra
912 1305 1219 1376 Egyhazos
1268 1306 1425 1358 Paka
1470 1315 1880 1359 commorantes
1929 1308 1984 1360 in
2037 1307 2183 1361 festo
2237 1311 2291 1362 b.

350 1391 520 1443 Mich.
560 1392 907 1463 Archangeli
958 1403 1179 1445 centum
1221 1383 1541 1464 et'triginta
1591 1404 1705 1445 tres
1746 1395 2006 1447 denarios
2046 1395 2295 1448 similiter

351 1482 419 1531 de
459 1490 681 1531 moneta
721 1498 823 1548 pro
862 1490 1112 1549 tempore
1165 1483 1407 1533 currenti
1461 1483 1674 1534 ratione
1715 1485 2074 1551 quarumdam
2115 1491 2291 1536 terra·

349 1585 501 1631 rum,
551 1584 690 1636 quas
730 1568 945 1619 divisim
996 1570 1066 1620 ab
1106 1568 1232 1620 aliis
1266 1568 1420 1621 villis
1466 1569 1675 1620 nostris
1713 1569 1818 1621 soli
1859 1569 2063 1622 colunt.
2122 1570 2291 1622 Prae-

351 1665 505 1707 terea
559 1657 626 1706 de
681 1656 891 1707 eisdem
939 1657 1154 1707 duabus
1205 1655 1350 1708 villis
1388 1656 1597 1707 nostris
1635 1655 1798 1725 Nagy
1825 1655 2007 1708 Luc-se
2047 1666 2102 1708 et
2141 1657 2291 1728 Egy-

349 1742 524 1794 hazos
562 1742 723 1794 Paka
771 1750 826 1793 et
865 1743 1116 1794 omnibus
1161 1742 1287 1794 aliis
1333 1743 1668 1810 supradictis
1716 1742 1864 1795 villis
1903 1744 2294 1797 universaliter

348 1847 452 1898 pro
491 1830 651 1881 nonis
690 1829 915 1899 frugum
955 1830 1113 1881 nobis
1153 1838 1248 1881 aut
1276 1829 1532 1898 praefato
1561 1828 1758 1882 Comiti
1791 1839 1984 1885 nostro
2020 1832 2092 1884 ad
2125 1849 2289 1902 prae-

346 1926 551 1970 tactum
580 1915 837 1968 Castrum
873 1926 1122 1969 nostrum
1153 1917 1494 1969 Posoniense
1538 1918 1614 1969 de
1653 1918 1955 1988 singulis
1996 1920 2290 1988 capetiis

348 2004 676 2074 singulas
716 2021 1070 2056 mensuras
1123 2004 1342 2057 tritici
1383 2013 1446 2055 et
1486 2021 1749 2057 avenae
1790 2023 1935 2058 cum
1976 2023 2290 2061 mensura

347 2091 549 2161 hujus
589 2090 979 2144 Comitatus
1025 2092 1202 2143 nostri
1244 2092 1447 2143 Poson.
1502 2090 1898 2162 vulgariter
1935 2092 2121 2146 Mecz
2170 2113 2287 2148 vo-

349 2187 512 2231 cata
551 2181 719 2230 dare
759 2187 1112 2240 tenentur3
1153 2187 1337 2230 tamen
1379 2179 1509 2247 quia
1548 2179 1744 2231 literae
1779 2196 1950 2249 super
1974 2180 2289 2251 hujusmodi

346 2257 924 2319 libertatibus‘eorum
978 2267 1049 2318 ab
1101 2267 1242 2335 ipsis
1284 2266 1828 2319 Praedecessoribus
1872 2269 2078 2320 nostris
2114 2269 2287 2340 Regi·

347 2356 453 2406 bus
492 2355 697 2405 eisdem
739 2354 990 2423 gratiose
1032 2369 1342 2406 concessae
1382 2353 1438 2405 in
1476 2354 1851 2422 inpacacitate
1878 2355 2126 2424 priorum
2151 2365 2287 2408 tem-

352 2459 543 2509 porum
584 2459 688 2509 per
728 2439 998 2492 violentes
1037 2442 1400 2509 quorumdam
1450 2457 1645 2493 manus
1696 2443 1766 2493 ab
1819 2442 2025 2495 eisdem
2066 2442 2288 2512 populis

347 2529 555 2580 nostris
606 2528 788 2580 ablate
838 2535 894 2580 et
933 2529 1255 2596 deperditae
1311 2537 1531 2591 essent3
1588 2529 1759 2599 igitur
1805 2530 2126 2598 caepissent
2166 2531 2286 2601 jam

348 2618 549 2668 dudum
588 2616 833 2668 nonnulli
886 2617 939 2668 in
979 2616 1293 2686 hujusmodi
1340 2615 1685 2669 libertatibus
1739 2633 1838 2668 eos
1875 2617 2175 2686 impedire,
2232 2626 2287 2670 et

346 2712 542 2755 contra
585 2720 684 2755 eos
725 2720 951 2774 cogere.
1006 2704 1193 2762 Quare
1233 2697 1819 2768 iidemJBenedictuS,
1859 2703 2074 2767 LucaS‚
2115 2704 2285 2775 Aegi·

348 2788 488 2855 dius,
530 2790 829 2861 Georgius,
870 2799 1103 2860 uterque
1130 2791 1378 2843 Joannes
1418 2800 1472 2842 et
1498 2790 1721 2842 Blasius
1751 2791 1805 2843 in
1834 2809 2023 2844 eorum
2051 2808 2120 2843 ac
2150 2790 2285 2844 alio·

346 2891 466 2928 rum
519 2878 963 2946 supradictorum
1018 2878 1406 2931 universorum
1454 2877 1786 2946 populorum
1833 2886 2150 2930 nostrorum
2187 2895 2284 2931 no-

347 2965 580 3017 minibus
622 2965 1077 3033 supplicaverunt
1116 2965 1276 3017 nobis
1314 2965 1609 3030 humiliter,
1647 2973 1708 3016 ut
1747 2981 1918 3032 super
1955 2966 2284 3034 praemissis

343 3052 689 3104 libertatibus
740 3069 930 3103 eorum
976 3051 1169 3103 literas
1224 3061 1450 3103 nostras
1498 3052 1552 3103 in
1607 3052 1935 3104 evidentiam
1986 3054 2283 3104 earundem

344 3139 658 3192 libertatum
711 3139 919 3190 eisdem
959 3155 1031 3191 ex
1072 3157 1219 3191 novo
1269 3140 1607 3202 concedere,
1663 3155 1732 3191 ac
1781 3139 1939 3208 ipsos
1989 3140 2042 3192 in
2090 3127 2283 3192 iisdem

345 3227 690 3279 libertatibus
730 3243 1074 3279 conservare
1115 3227 1488 3297 dignaremur.
1538 3228 1727 3296 ltaque
1767 3243 1872 3279 nos
1910 3236 2145 3295 accepta
2184 3226 2282 3278 hu-

337 3313 580 3382 jusmodi
618 3315 986 3383 suplicatione
1025 3314 1406 3382 praefatorum
1441 3314 1772 3383 populorum
1805 3323 2123 3367 nostrorum
2152 3331 2282 3366 con-

346 3401 698 3470 siderataque
739 3401 999 3454 fidelitate
1040 3411 1095 3454 et
1133 3401 1386 3454 fidelibus
1426 3402 1668 3455 servitiis
1709 3403 2007 3454 eorundem
2034 3410 2090 3453 et
2114 3401 2282 3453 totius

346 3485 710 3539 Comunitatis
748 3491 997 3554 ipsorum
1034 3490 1196 3542 nobis
1234 3506 1303 3542 ac
1345 3489 1888 3544 praedecessoribus
1926 3488 2134 3543 nostris
2170 3487 2279 3540 Re-
