2358 3874
2004 225 2087 280 89

155 364 482 427 obstrictus
510 374 904 439 sacramentO,
941 385 1014 424 ne
1047 362 1339 424 adversus
1371 385 1502 424 eum
1539 376 1642 424 aut
1666 365 1935 425 Graecos
1964 384 2085 424 mo-

155 459 321 511 veret
352 445 686 532 quidquam,
720 445 894 508 fidem
924 445 1103 531 hujus
1133 446 1590 531 religiosissime
1620 446 1816 509 coluit.
1841 449 1920 507 Et
1941 447 2085 507 Dal-

152 531 388 594 matiam
419 531 620 616 itaque
655 532 923 593 Manueli
977 531 1050 593 ad
1099 531 1226 593 dies
1264 527 1420 593 v'itae
1463 530 1700 614 reliquit
1749 530 2086 606 tenendam,

153 628 212 678 et
235 637 376 677 vero
401 614 587 689 hello,
642 615 797 700 quod
847 615 901 676 ei
942 638 1072 676 cum
1118 616 1413 677 Sultanno
1454 614 1643 677 Iconii
1684 627 1832 688 erat,
1879 614 2085 700 copiiS,

152 723 300 784 quas
331 700 702 786 Ompodinus
737 703 943 761 Banus
975 710 1036 760 et
1062 699 1470 762 Leustachius
1490 699 1768 785 VajVoda
1788 699 2086 783 Transyl-

151 806 339 846 vanus
371 784 697 860 duxerunt,
741 784 1026 846 auxilium
1068 783 1220 846 tulit.

1018 988 1060 1063 g
1105 991 1206 1047 29.

369 1148 421 1189 et
466 1139 799 1189 Pontifices
847 1138 1141 1188 Romanos
1189 1138 1579 1188 observantia
1625 1139 1854 1189 docuit.

316 1299 411 1358 De
446 1299 575 1381 ejus
611 1296 671 1358 in
709 1296 1006 1359 Eclesiam
1043 1298 1286 1360 latinam
1324 1294 1522 1358 studio
1557 1296 1947 1358 Innocentius
1975 1299 2082 1357 ΙΙΙ.

143 1382 269 1442 ΡΡ.
311 1381 820 1466 locupletissimus
864 1385 1044 1445 testis
1083 1395 1193 1444 est.
1234 1385 1328 1443 Ex
1373 1382 1541 1465 cujus
1578 1379 1771 1442 literis
1805 1380 1878 1442 ad
1909 1385 2083 1443 Eme-

127 1464 329 1527 -ricum
369 1467 600 1549 Regem
645 1465 799 1527 datis
848 1465 1187 1552 intelligas:
1244 1465 1401 1527 inter
1451 1464 1769 1526 universas
1816 1464 2083 1526 universi

143 1547 306 1611 orbis
331 1549 667 1634 provincias
693 1553 832 1611 Hun
886 1554 1071 1612 ariam
1104 1549 1350 1636 speciali
1378 1547 1629 1634 quadam
1659 1548 2084 1635 praerogativa

141 1655 250 1718 per
285 1633 702 1718 Apostolieam
744 1574 962 1697 Seffem
1001 1635 1310 1711 dilectam,
1351 1645 1479 1695 tum
1521 1633 1595 1695 ob
1637 1633 1851 1696 merita
1885 1632 2082 1718 regni,

142 1730 268 1779 tum
312 1740 454 1778 vero
504 1740 573 1778 ae
612 1719 931 1804 praecipue
982 1720 1056 1782 ob
1108 1717 1395 1783 ferventis
1427 1716 1760 1780 devotionis
1805 1730 2083 1779 constan-

142 1800 285 1864 tiam
319 1813 379 1862 et
418 1799 779 1863 inviolabilis
829 1802 1193 1867 sinceritatis
1237 1802 1546 1876 affectum,
1585 1824 1758 1885 quem
1793 1802 1941 1863 Bela
1983 1824 2083 1863 ex-

140 1884 348 1947 hibuit.
389 1886 772 1947 Praeclarum
806 1910 952 1950 sane
977 1888 1258 1974 elogium,
1291 1885 1400 1948 sed
1434 1884 1590 1947 aliud
1633 1884 1897 1969 ejusdem
1924 1887 2083 1947 Pon-

145 1969 327 2032 tificis
373 1970 685 2045 „nullam
734 1970 800 2031 in
849 1970 980 2033 hoc
1027 1973 1199 2035 Bela
1249 1992 1472 2054 neque
1520 1992 1767 2053 rugam
1820 1968 2081 2045 fuisse,

141 2076 370 2138 neque
426 2054 815 2115 maculam“
859 2056 1045 2119 multo
1087 2059 1308 2142 majus3
1350 2052 1424 2115 ad
1459 2051 1772 2137 utriusque
1819 2052 1972 2116 enim
2025 2065 2085 2115 et

143 2160 352 2200 sacrae
392 2149 451 2199 et
489 2138 771 2223 profanae
810 2139 1175 2225 reipublicae
1219 2138 1485 2201 rationes
1515 2137 1794 2222 pertinet,
1827 2160 2085 2222 vereque

141 2221 212 2284 de
255 2245 325 2284 eo
361 2233 422 2282 et
459 2220 614 2283 domi
658 2234 718 2284 et
742 2225 965 2286 Romae
999 2222 1331 2310 praedicari
1387 2232 1604 2308 potest.
1649 2261 1734 2269 —
1764 2225 2083 2284 Juramen-

144 2318 271 2368 tum
301 2305 352 2366 is
381 2305 739 2390 inaugurale
767 2330 841 2369 ex
869 2309 1074 2371 verbis
1094 2306 1412 2373 Pontificis
1444 2306 1826 2390 nuncupavit,
1851 2304 2082 2391 hacque

140 2389 601 2476 promptitudine
644 2414 755 2451 sua
802 2391 1032 2469 effecit,
1081 2406 1146 2457 ut
1188 2391 1356 2455 latini
1396 2389 1470 2452 ab
1517 2413 1585 2452 eo
1618 2390 1896 2452 Eclesiae
1937 2413 2084 2453 suae

143 2486 410 2536 metuere
455 2473 826 2548 desinerent3
876 2476 978 2538 illa
1014 2501 1155 2541 vero
1188 2475 1582 2560 indulgentia,
1619 2474 1771 2558 quod
1802 2474 1874 2537 ad
1909 2473 2084 2559 hujus

142 2557 539 2620 necessitates
587 2558 940 2621 relevandas
989 2584 1235 2625 censum
1280 2584 1351 2624 ea
1386 2566 1745 2644 tempestate
1777 2581 1885 2643 per
1905 2558 2080 2620 Hier-

141 2640 402 2702 arehiam
431 2640 822 2725 hungaricam
861 2644 1118 2707 conferri
1158 2668 1291 2707 eum
1324 2656 1530 2705 vetare
1564 2653 1800 2726 posset,
1839 2665 1958 2704 non
1982 2664 2081 2703 ve-

139 2737 367 2800 tuerat,
415 2723 527 2787 hoc
575 2739 935 2806 consecutus
973 2741 1096 2804 est,
1137 2742 1204 2792 ut
1246 2726 1555 2814 praeclara
1604 2727 1735 2809 ejus
1769 2725 1830 2786 in
1864 2724 2084 2789 Sedem

142 2809 195 2870 b.
236 2809 405 2872 Petri
436 2809 760 2886 voluntate,
796 2809 856 2871 hi
888 2811 1203 2897 plurimum
1238 2811 1414 2874 etiam
1451 2808 1833 2871 confiderent.

932 3013 1197 3097 ¹530.

141 3159 276 3209 Fuit
307 3167 503 3208 tamen
543 3161 688 3208 haec
727 3161 1049 3225 ejusmodi,
1091 3163 1155 3211 ut
1194 3163 1549 3231 Dalmatiam
1593 3178 1711 3211 non
1750 3162 1906 3211 ultra
1946 3161 2085 3209 obi-

203 3250 320 3291 tum
351 3243 642 3291 Manuelis
680 3243 739 3292 in
781 3243 1140 3294 Graecorum
1178 3260 1316 3294 esse
1347 3251 1655 3310 potestate
1686 3251 2026 3307 pareretur.

317 3402 440 3460 Per
471 3411 727 3484 tempus,
761 3422 876 3483 quo
911 3400 1158 3461 Manuel
1189 3400 1528 3463 Dalmatiae
1557 3399 1834 3485 praefuit,
1860 3401 2084 3462 Veneti

146 3495 206 3544 et
243 3481 490 3545 Jadram
532 3494 591 3544 et
630 3483 999 3567 Tragurium
1057 3497 1438 3569 occuparunt.
1492 3484 1774 3547 Manuele
1819 3506 1868 3545 a.
1917 3491 2084 3547 1180
