2280 3918
281 213 362 269 lo

277 351 372 414 nis
397 351 810 438 jungebantur
839 353 1101 426 vinculo,
1148 364 1424 416 auctores
1459 354 1721 417 Henrico
1761 354 2027 432 fuerunt,
2071 353 2194 417 bel-

278 437 398 499 lum
441 449 508 499 ut
544 450 876 500 renovaret.
942 437 1043 500 Ad
1079 434 1191 500 hoc
1243 437 1633 500 amoliendum
1680 440 1922 503 Samuel
1969 453 2197 527 partem

277 523 650 608 Hungariae,
706 546 822 609 qua
853 522 1001 586 haec
1037 546 1072 584 a
1104 523 1330 600 Caetio,
1383 547 1570 609 usque
1609 525 1883 611 Lajtham
1929 527 2197 612 porrige—

279 607 484 685 batur,
533 608 794 672 Henrico
828 609 1040 685 cessit,
1072 615 1123 689 ⁶)
1167 608 1580 696 prohibitoque
1632 611 1785 674 malo
1811 634 1965 688 uno,
1994 623 2201 674 auctor

282 694 515 756 exstitit
549 694 829 770 alterius,
900 693 1153 758 invidiae
1202 694 1476 756 nimirum
1497 744 1511 771 ,
1571 719 1743 781 quam
1777 719 1885 782 per
1911 696 2202 759 alienatos

278 779 454 865 regni
499 780 649 842 fines
687 779 841 866 apud
867 779 1058 843 bonos
1093 802 1325 867 quoque
1351 779 1618 844 incurrit.
1663 785 1743 844 Et
1773 781 2070 844 Henricus
2110 781 2198 843 ni-

277 864 398 927 hilo
436 864 636 927 secius
673 865 921 928 obtentu
961 889 1078 929 non
1113 866 1528 929 restitutorum
1562 867 1929 955 captivorum
1960 867 2202 931 tertium

276 950 337 1012 in
382 950 758 1037 Hungariam
792 950 975 1015 duxit.
1023 955 1154 1016 Rex
1179 950 1412 1037 quidem
1441 950 1584 1014 nihil
1621 976 1852 1031 eorum,
1899 976 2048 1039 quae
2080 953 2202 1016 bel-

278 1035 490 1099 liducis
521 1035 757 1123 egregii
801 1050 1033 1114 essent,
1080 1061 1115 1100 a
1144 1061 1221 1110 se¹
1241 1035 1567 1100 desiderari
1598 1062 1816 1125 passus
1845 1051 1965 1112 est3
2011 1061 2202 1124 neque

278 1122 450 1185 miles
487 1121 697 1200 defuit,
749 1123 1051 1210 propriae,
1104 1122 1383 1208 illiusque
1473 1123 1656 1188 loriae
1705 1121 2203 1188 studiosissimus.

279 1207 403 1271 Sed
434 1208 628 1285 fraus,
685 1207 962 1286 insidiae,
1007 1207 1290 1295 proditio,
1337 1146 1553 1294 quibus
1595 1233 1713 1272 non
1749 1209 2023 1273 Ducibus
2048 1258 2064 1287 ,
2110 1233 2204 1272 ar-

281 1293 510 1379 misque
548 1296 931 1380 superiores?
977 1294 1091 1356 His
1129 1316 1415 1380 opressus
1454 1297 1698 1358 Samuel
1734 1296 2042 1359 victoriam
2073 1295 2204 1358 solo

281 1401 409 1442 eam
436 1378 669 1466 quidem
701 1378 937 1443 nomine
963 1404 998 1443 a
1029 1379 1194 1444 clade
1223 1378 1618 1459 differentem,
1662 1381 2203 1446 victoriam-tamen

285 1464 496 1530 cedere
527 1464 688 1529 hosti
725 1464 945 1530 debuit.

415 1653 463 1713 ⁶)
509 1651 821 1703 Hermannus
852 1660 1140 1705 contractus
1171 1655 1300 1721 apud
1333 1654 1499 1705 Canis,
1533 1654 1669 1705 ada.
1710 1647 1889 1703 1043.
1973 1683 1978 1690 ·

1175 1850 1318 1926 §4

891 2002 1015 2052 suis
1060 2002 1306 2053 emersit
1348 2002 1593 2053 viribus.

458 2162 823 2225 Restitutum
864 2163 1015 2226 solio
1045 2165 1319 2240 Petrum,
1365 2186 1476 2226 nec
1514 2161 1779 2226 melioris
1816 2161 2046 2248 frugis,
2102 2185 2212 2226 nec

288 2270 504 2335 operae
544 2248 843 2335 probioris
884 2249 1198 2336 quidquam
1239 2249 1553 2326 retulisse,
1607 2247 1799 2336 patuit
1846 2247 2031 2312 brevi.
2098 2250 2210 2310 Sa-

285 2334 537 2397 muelem
579 2334 658 2412 is,
706 2348 772 2398 ut
798 2336 1064 2422 regalem
1087 2334 1403 2412 victimam,
1452 2334 1645 2398 caesis
1689 2358 1797 2422 per
1831 2334 1996 2396 illum
2030 2333 2211 2397 satel-

286 2419 493 2482 litibus
527 2419 653 2483 suis
680 2420 924 2485 inferias
964 2420 1160 2499 daret,
1208 2419 1487 2484 decollari
1501 2419 1706 2508 jussit.
1753 2419 1859 2483 Sic
1888 2419 2042 2483 enim
2063 2418 2211 2486 scri-

286 2518 492 2593 ptores
534 2507 817 2570 Germani
859 2505 1261 2595 prodiderunt.
1306 2510 1401 2570 Ex
1441 2505 1652 2594 patriis
1693 2529 2020 2604 cognosco:
2066 2503 2210 2568 nihil

289 2615 422 2654 eum
454 2616 571 2655 non
620 2593 854 2679 egisse,
903 2605 968 2656 ut
1010 2616 1167 2657 nova
1196 2592 1426 2656 invisae
1468 2592 1582 2655 sibi
1629 2604 1797 2690 gentl
1843 2603 2213 2678 compararet

288 2678 475 2753 mala3
530 2677 775 2765 diesque
820 2680 1007 2756 nulla,
1054 2678 1170 2742 nisi
1219 2692 1466 2743 cruenta
1501 2677 1720 2741 nomini
1755 2678 2065 2763 hungaro,
2110 2689 2214 2739 aut

289 2764 623 2851 praecipuis
662 2765 836 2852 hujus
865 2765 1214 2829 custodibus
1249 2765 1525 2828 luctuosa
1562 2762 1932 2852 praeteriret.
1986 2765 2214 2825 Aucto-

288 2848 457 2911 ribus
515 2849 715 2936 itaque
747 2852 982 2935 Gyulae
998 2850 1258 2936 junioris
1283 2851 1442 2928 filiis,
1476 2849 1811 2936 Optimates
1861 2847 2215 2933 Hungariae

291 2934 614 2998 Csanadini
662 2936 1052 3013 conveniunt,
1107 2948 1168 3000 et
1216 2934 1289 2998 ad
1324 2935 1658 3000 evocandos
1704 2959 1778 2998 ex
1815 2933 2036 3000 Russia
2084 2937 2214 2997 An-

292 3020 494 3084 dream
535 3034 594 3084 et
631 3023 837 3085 Belam
871 3022 1003 3104 (filii
1042 3034 1213 3086 erant
1253 3021 1520 3086 Ladislai
1560 3021 1737 3101 calvi)
1775 3019 2024 3082 nuncios
2066 3020 2215 3083 clam

292 3105 626 3194 expediunt.
673 3104 816 3172 Fuit
843 3121 1060 3183 tamen,
1109 3107 1216 3195 qui
1232 3106 1344 3171 hoc
1368 3111 1552 3171 Petro
1578 3105 1894 3180 indicaret3
1928 3105 2024 3168 hic
2050 3129 2215 3182 vero,

294 3206 358 3255 ut
390 3217 458 3256 se
491 3207 696 3257 contra
729 3207 940 3258 conata
969 3193 1207 3258 certiori
1235 3194 1491 3257 muniret
1521 3191 1845 3280 praesidio,
1892 3191 2216 3255 Henricum

293 3280 614 3342 Caesarem
667 3280 740 3344 ad
782 3281 942 3344 festa
981 3283 1376 3344 Pentecostes
1428 3303 1478 3342 a.
1525 3285 1687 3341 1045
1736 3278 1798 3340 in
1839 3276 2212 3363 Hungariam

293 3362 528 3442 invitat,
575 3365 870 3454 hancque,
918 3366 1053 3430 data
1083 3366 1143 3429 in
1177 3366 1418 3452 signum
1455 3364 1846 3428 sub‘ectionis
1878 3363 2083 3425 lancea
2116 3362 2213 3425 de-

296 3462 531 3527 aurata,
586 3453 782 3516 tradit.
844 3453 1122 3516 Dedecus
1160 3451 1270 3516 hoc
1305 3387 1718 3528 Teutonibus,
1783 3449 2213 3534 Hungarisque

295 3558 491 3598 coram
527 3550 849 3624 patratum,
895 3537 969 3601 iis
1004 3538 1259 3615 scilicet,
1309 3538 1434 3624 qui,
1469 3540 1646 3623 juxta
1684 3536 1866 3599 verba
1897 3533 2204 3610 Aventini,
