2358 3874
297 261 412 315 164

293 398 469 460 citum
502 396 561 458 in
593 395 905 457 Austriam
937 390 1178 467 infudit,
1223 403 1282 453 et
1325 391 1506 452 rebus
1550 389 1660 452 hac
1702 391 1828 452 vice
1869 391 2235 477 compositiS‚

292 504 423 543 cum
460 504 576 544 non
622 479 853 542 animus
896 476 1074 539 etiam
1104 473 1397 537 Friderici
1441 474 1514 536 ad
1559 475 1814 559 quietem
1867 479 2234 560 compositus

293 579 478 642 esset,
531 562 798 649 generali
848 560 1225 647 expeditione
1281 558 1504 621 indicta
1531 565 1583 636 2)
1642 559 1859 621 bellum
1909 559 2233 624 Radislavo

294 672 541 735 genem,
573 648 896 731 eodemque
927 645 1215 708 Galliciae
1248 646 1449 716 Duce3
1482 646 1905 730 Frangepano,
1938 644 2233 708 Rolando-

292 758 407 819 que
436 733 509 796 de
539 754 764 818 genere
783 731 988 794 Ratolt
1017 728 1339 816 praefectis
1371 726 1873 803 administratum,
1894 751 1967 790 ea
1995 730 2236 792 fortuna

297 818 519 893 messit,
576 830 640 880 ut
668 814 976 878 Friderico
1019 837 1128 900 per
1169 817 1638 899 Frangepanum
1681 811 2029 890 interfecto,
2083 837 2232 898 quos

291 868 430 964 ssuic
461 913 636 964 antea
669 900 881 964 cedere
913 911 1159 962 coactus
1180 910 1294 975 est,
1316 897 1653 960 Comitatus
1683 909 1812 960 tres
1833 910 2233 983 recuperaret.

296 1072 317 1076 ...
325 1070 808 1078 —...„—-..-—-.-—-..—-.

474 1163 520 1221 2)
553 1160 621 1209 De
653 1159 793 1209 bellis
825 1159 903 1207 his
934 1158 1040 1206 vide
1072 1172 1302 1222 anonym.
1326 1157 1474 1205 Zvetl.
1510 1157 1569 1205 ad
1602 1172 1646 1205 a.
1676 1151 1857 1206 1243.
1893 1155 2076 1206 Hanth.
2109 1157 2228 1206 fasc.

297 1246 456 1309 campi
495 1245 562 1293 lil.
597 1244 654 1292 T.
689 1243 727 1292 Ι.
763 1259 807 1292 c.
848 1238 1028 1291 1318.
1066 1241 1252 1290 Chron.
1290 1241 1466 1290 Salisb.
1503 1241 1633 1305 apud
1664 1240 1785 1290 Pecz
1817 1241 1911 1290 col.
1949 1237 2089 1291 359.
2130 1242 2235 1291 Cu-

295 1345 468 1379 manos
515 1329 756 1392 reliquum
798 1327 1066 1376 exercitum
1107 1325 1200 1375 hac
1240 1341 1437 1390 quoque
1476 1326 1580 1375 vice
1611 1325 1947 1390 praecessisse
1990 1326 2050 1374 de
2088 1324 2239 1376 indu-

297 1414 413 1463 stria
445 1414 646 1463 adnoto.
697 1412 927 1461 Ceterum
981 1411 1040 1460 de
1088 1410 1230 1459 bellis
1278 1410 1443 1460 itidem
1494 1425 1608 1460 cum
1649 1410 1782 1460 Frid.
1834 1410 1985 1475 gestis
2013 1409 2239 1474 'plurima

297 1514 406 1547 cum
441 1497 715 1548 eruditione
745 1497 924 1546 Joann.
961 1495 1200 1545 Czechius
1233 1495 1353 1544 mihi
1388 1495 1542 1544 semel
1574 1501 1720 1558 atque
1745 1494 1922 1543 iterum
1955 1489 2241 1544 laudatissi-

299 1599 408 1632 mus
441 1582 672 1632 disseruit
705 1581 751 1630 in
786 1581 947 1630 Neues
979 1580 1155 1629 Archiv
1186 1580 1264 1628 fiir
1305 1579 1485 1628 Gesch.
1521 1595 1564 1628 a.
1607 1575 1785 1628 1829.

1171 1773 1213 1847 ς
1259 1776 1358 1832 29.

1000 1923 1245 1987 egregie
1292 1923 1519 1982 tuitus;

467 2084 815 2148 Fridericus
849 2082 1057 2168 stirpis
1087 2081 1278 2143 virilis
1302 2081 1800 2166 Babenbergicae
1834 2081 2080 2144 ultimus
2110 2081 2237 2145 suit.

297 2177 565 2236 ¹Vacuam
597 2169 798 2254 itaque
816 2165 1110 2229 Austriae
1131 2165 1496 2252 Styriaeque
1525 2166 1978 2252 possessionem
2011 2178 2071 2229 et
2088 2167 2240 2228 Bela

299 2271 357 2320 et
389 2260 717 2321 Ottocarus
750 2252 1138 2340 appetebant,
1172 2274 1421 2337 quorum
1451 2251 1553 2313 ille
1584 2251 2000 2313 auctoritatem
2030 2251 2240 2314 Ponti-

296 2343 459 2418 ficis,
481 2345 706 2427 jusque
741 2337 1096 2413 GertrudiS‚
1131 2337 1328 2422 neptis
1361 2360 1512 2422 quae
1545 2336 1740 2399 fuerat
1779 2335 2100 2412 Friderici‚
2143 2359 2239 2399 so-

297 2427 474 2490 lemni
524 2436 700 2511 pacto
750 2446 988 2486 cessum
1032 2420 1178 2495 sihi3
1230 2420 1329 2483 hic
1375 2433 1801 2484 testamentum
1851 2419 2142 2483 Friderici
2189 2424 2236 2483 l.

297 2509 685 2597 Imperatoris
731 2520 790 2570 et
838 2507 975 2570 inde
1026 2518 1265 2569 enatum
1315 2506 1489 2569 uxori
1533 2529 1679 2569 suae
1734 2503 2092 2568 succedendi
2132 2507 2238 2591 jus

299 2619 515 2658 causae
549 2616 693 2656 suae
726 2615 857 2654 cum
887 2592 1332 2679 pretenderent,
1378 2615 1480 2653 res
1521 2591 1594 2654 ad
1639 2613 1804 2653 arma
1851 2589 2134 2665 deducta,
2180 2602 2240 2653 et

295 2680 535 2744 tandem
578 2702 628 2740 a.
678 2685 844 2739 1254
892 2700 1074 2764 opera
1118 2676 1450 2740 Innocentii
1492 2679 1616 2738 ΡΡ.
1662 2675 1775 2736 hac
1820 2674 2063 2737 definita
2101 2675 2239 2759 lege

298 2778 413 2842 est,
445 2777 511 2827 ut
533 2763 746 2848 Styria
769 2763 984 2836 Belae3
1020 2762 1175 2848 quod
1207 2761 1294 2823 cis
1318 2773 1579 2824 montem
1601 2758 2024 2844 Semeringum
2053 2771 2238 2834 esset,

298 2852 589 2913 Ottocaro
635 2847 874 2910 cederet
909 2855 972 2926 ¹).
1034 2851 1246 2932 Itaque
1292 2846 1439 2908 Bela
1476 2844 1722 2928 Styriae
1771 2842 2059 2928 praefecit
2101 2845 2237 2905 Ste-

478 3121 522 3180 ¹)
556 3118 744 3168 Clarius
777 3117 872 3166 hoc
902 3131 1176 3182 anonymus
1216 3115 1506 3166 Leobiensis
1548 3116 1625 3166 his
1665 3116 1725 3165 ad
1767 3131 1812 3165 a.
1853 3109 2011 3165 1253
2047 3112 2233 3164 verbis:

304 3204 571 3255 Ottokarus
602 3203 705 3252 Rex
735 3202 1003 3253 Bohemiae
1035 3201 1299 3266 resignavit
1328 3208 1482 3251 totam
1514 3208 1694 3251 terram
1729 3200 1914 3265 Styriae
1943 3199 2088 3248 Belae
2119 3197 2238 3263 Regi

302 3289 575 3353 Hungariae
614 3287 695 3337 tali
727 3287 1036 3348 conditione,
1083 3293 1138 3336 ut
1169 3285 1405 3350 quidquid
1445 3293 1578 3335 esset
1619 3286 1679 3335 de
1718 3292 1847 3335 terra
1887 3284 2072 3348 Styriae
2111 3283 2236 3333 ultra

301 3380 518 3422 montem
559 3372 918 3431 Semerinwm,
962 3378 1240 3421 remaneret
1279 3386 1392 3419 cum
1435 3377 1536 3420 tota
1576 3370 1786 3420 Austria.
1835 3368 1973 3418 Unde
2012 3373 2234 3416 exortum

302 3464 394 3517 ost,
431 3457 562 3520 quod
595 3457 673 3505 isti
714 3458 762 3505 in
795 3472 915 3505 nova
950 3457 1140 3506 civitate
1173 3462 1220 3504 et
1251 3455 1436 3504 circum
1471 3470 1665 3519 quaque
1707 3454 1939 3504 dicuntur
1968 3450 2232 3510 Λυδὴ-3163,

302 3555 409 3587 rum
446 3548 604 3588 tamen
639 3541 807 3589 eadem
841 3541 1007 3589 civitas
1041 3541 1101 3588 sit
1135 3540 1222 3587 sita
1256 3539 1302 3587 in
1336 3546 1462 3587 terra
1498 3538 1699 3601 Styriae.
