2358 3874
1911 206 2122 260 XXVII

185 337 453 390 affuturas
491 354 592 405 per
629 338 774 390 idem
801 336 1114 406 Capitulum
1141 339 1299 391 nobis
1326 337 1558 391 rescribi
1579 338 1936 406 petieramus.
1976 340 2120 408 Ipsis

182 425 369 495 itaque
409 425 638 478 Octavis
658 426 811 477 Festi
847 426 1007 478 Beati
1035 425 1305 494 Stephani
1326 425 1470 496 Reg.
1499 426 1917 478 advenientibus
1956 444 2119 495 prae·

183 511 335 565 satus
357 512 597 565 Michael
618 513 763 566 filius
784 513 934 565 Belie
956 514 1346 582 personaliter,
1369 530 1472 582 pro
1493 514 1618 582 ipso
1640 530 1778 566 vero
1802 513 1967 565 Petro
1982 514 2119 566 Filio

183 599 454 668 Stephani
492 603 559 653 de
600 601 823 654 Karcza
859 602 1124 654 Nicolaus
1162 601 1307 653 filius
1333 601 1530 655 Jacobi
1567 603 1635 654 de
1676 603 1870 654 eadem
1896 601 2119 654 Karcza

180 703 306 759 cum
343 687 542 740 litteris
582 690 983 757 procuratoriis
1023 690 1252 758 saepius
1292 690 1419 742 dicti
1460 688 1702 758 Capituli
1744 691 1815 742 ad
1854 690 2116 743 Nostram

178 777 510 828 accedentes
550 776 921 844 praesentiam
963 777 1304 843 praedictum
1345 773 1662 830 Ladislaum
1706 776 1875 829 filium
1915 778 2117 829 Eusta-

181 861 291 914 chii
330 862 591 915 Actorem
632 864 810 916 medio
859 872 1110 931 tempore
1153 864 1297 916 viam
1335 865 1629 917 universae
1670 866 1855 917 carnis
1901 865 2117 935 ingres-

175 965 299 1001 sum
338 949 584 1002 extitisse
623 950 935 1020 allegantes
964 950 1177 1002 litteras
1217 951 1442 1003 clausas
1480 951 1720 1020 praefati
1747 951 1989 1020 Capituli
2012 952 2115 1004 Ρο-

175 1037 452 1101 soniensis
477 1054 648 1105 super
684 1039 1012 1106 praemissis
1039 1039 1201 1091 nobis
1228 1039 1929 1107 rescriptionalestenoris
1967 1039 2115 1092 infra

175 1123 492 1177 declarandi
525 1125 708 1178 Nobisv
740 1135 1171 1194 praesentarunt
1209 1135 1463 1195 petentes
1491 1127 1610 1179 Nos
1649 1126 1839 1179 humili
1879 1145 2001 1180 cum
2035 1127 2114 1181 in-

173 1213 395 1277 stantia,
415 1221 475 1265 ut
498 1215 819 1281 praedictas
840 1214 1034 1267 literas
1054 1215 1232 1283 ipsius
1248 1213 1487 1283 Capituli
1502 1215 1864 1267 Posoniensis
1879 1223 2113 1267 statuto-

174 1301 290 1353 rias
311 1303 378 1353 de
401 1303 575 1354 verbo
597 1303 665 1354 ad
689 1303 917 1354 verbum
937 1302 1156 1354 Nostris
1175 1302 1354 1354 literis
1378 1303 1692 1371 patentibus
1712 1303 1882 1354 inseri
1910 1303 2114 1371 ipsam*

173 1406 281 1458 que
305 1390 758 1459 coaequationem
798 1399 852 1442 et
884 1391 1237 1442 statutionem
1270 1391 1778 1459 possessionariam
1813 1398 2114 1458 acceptare

171 1475 609 1546 Nostrarumque
626 1477 907 1530 literarum
927 1479 1230 1547 patentium
1252 1479 1560 1547 patrocinio
1574 1477 1902 1530 confirmare
1921 1479 2114 1548 digna-

169 1581 384 1617 remur:
414 1564 661 1624 Quarum
699 1574 857 1617 tenor
890 1566 1018 1618 talis
1040 1575 1143 1618 est.
1184 1565 1488 1636 Magnifico
1512 1576 1567 1618 et
1588 1566 1799 1634 potenti
1819 1564 1977 1628 Viro,
1998 1565 2112 1616 Do-

169 1651 316 1704 mino
336 1652 566 1704 Nicolao
588 1652 772 1723 Regni
792 1653 976 1724 Hung.
1006 1653 1260 1706 Palatino
1297 1663 1350 1706 et
1381 1653 1560 1706 Judici
1593 1651 1969 1724 Cumanorum
1998 1652 2112 1705 Do·-

169 1740 314 1792 mino
350 1748 404 1791 et
427 1739 622 1792 Amico
663 1740 911 1808 ipsorum
945 1740 1436 1794 Honorandissimo
1469 1740 1783 1809 Capitulum
1823 1738 2109 1792 Ecclesiae

171 1827 530 1880 posoniensis
548 1827 843 1881 Orationes
864 1828 1143 1884 salutares
1169 1847 1293 1881 cum
1320 1830 1559 1882 amicitia
1584 1828 1864 1896 pleniore:
1895 1827 2112 1880 noverit

167 1915 410 1967 Vestrae
451 1916 847 1986 Magnitudinis
889 1917 1129 1968 amicitia
1165 1916 1386 1969 Literas
1425 1925 1650 1970 vestrae
1689 1915 2111 1985 adjudicationis

169 2004 386 2055 modum
416 2012 470 2055 et
503 2003 737 2055 formam
778 2004 1122 2056 continentes
1161 2022 1259 2072 pro
1296 2004 1556 2057 Ladislao
1583 2004 1694 2056 filio
1718 2003 2007 2055 Eustachii
2042 2005 2109 2055 de

166 2089 392 2142 Karcza
408 2100 604 2143 contra
625 2092 931 2144 Dionisium
952 2092 1121 2144 filium
1137 2093 1310 2158 Belie,
1332 2103 1387 2146 et
1405 2094 1627 2146 Petrum
1649 2093 1816 2146 filium
1838 2091 2109 2160 Stephani

167 2180 234 2230 (le
261 2180 453 2230 eadem
476 2179 593 2231 Nos
623 2180 896 2232 amicabili
934 2199 1058 2232 cum
1084 2183 1230 2233 omni
1250 2182 1462 2234 honore
1495 2182 1799 2249 recepisse,
1833 2196 1974 2248 quas
2005 2179 2108 2230 sub

164 2267 533 2334 impressione
556 2265 770 2335 Capitis
803 2268 975 2338 sigilli
1001 2269 1174 2320 nostri
1197 2269 1441 2320 Vestrae
1471 2268 1923 2340 Magnificentiae
1949 2266 2108 2317 remi·

166 2354 340 2405 simus
374 2354 428 2405 in
461 2354 668 2422 specie,
703 2355 898 2423 quibus
929 2356 1065 2408 visis
1099 2364 1153 2408 et
1180 2355 1443 2425 perlectis
1473 2374 1597 2408 cum
1615 2355 1831 2408 Mathia
1866 2353 1976 2406 filio
1999 2354 2107 2405 Eu-

165 2441 365 2493 stachii
385 2443 452 2493 de
479 2442 751 2495 Zerdahel
772 2442 992 2494 homine
1012 2452 1203 2496 vestro
1226 2462 1329 2512 pro
1357 2453 1518 2512 parte
1542 2444 1954 2513 praedictorum
1975 2441 2105 2492 Dio-

165 2529 290 2581 nisii
322 2529 443 2580 Filii
470 2529 624 2582 Belie
656 2539 710 2582 et
742 2531 912 2582 Petrii
942 2531 1037 2582 filii
1073 2530 1344 2600 Stephani
1382 2534 1437 2584 in
1464 2530 1708 2583 Causam
1745 2539 2105 2584 attractorum

166 2615 499 2686 Magistrum
534 2617 802 2671 Joannem
833 2618 1104 2670 Jacobum
1137 2620 1348 2671 socium
1389 2628 1442 2670 et
1470 2618 1809 2671 Canonicum
1843 2617 2104 2668 Nostrum

163 2705 234 2755 ad
271 2721 339 2756 ea
375 2708 729 2774 peragenda,
771 2723 917 2775 quae
948 2706 1003 2758 in
1042 2707 1180 2775 ipsis
1218 2707 1414 2759 litteris
1440 2707 1662 2759 Vestris
1689 2706 2107 2758 continebantur

163 2808 266 2860 pro
294 2791 630 2844 Testimonio
667 2791 1067 2858 transmisisse,
1100 2794 1192 2864 qui
1214 2796 1429 2846 demum
1452 2795 1521 2846 ad
1553 2810 1655 2846 nos
1691 2792 1905 2846 reversi
1931 2789 2106 2843 Nobis

162 2879 468 2932 retulerunt
487 2881 540 2933 in
560 2880 707 2933 hunc
728 2883 973 2934 modum:
997 2884 1143 2953 quod
1163 2883 1271 2950 ipsi
1285 2883 1339 2934 in
1357 2882 1646 2951 quindenis
1661 2882 1811 2933 Fest.
1830 2879 1894 2930 Β.
1908 2878 2104 2931 Jacobi

162 2967 420 3034 Apostoli
445 2969 695 3036 proxime
722 2978 850 3021 tunc
870 2970 1187 3038 praeteritis
1209 2972 1278 3021 ad
1300 2969 1499 3022 faciem
1523 2970 1844 3038 praedictae
1876 2982 2103 3034 posses-e

162 3056 335 3108 sionis
355 3055 580 3107 Karcza
604 3065 839 3109 vocatae
873 3058 1267 3121 accessissent,
1301 3066 1356 3109 et
1394 3057 1782 3128 praesentibus
1819 3054 2014 3108 vicinis
2050 3061 2107 3104 ct

162 3143 557 3195 commetaneis
616 3145 846 3195 eandem
885 3145 1361 3208 reambulassent,
1415 3144 1926 3210 reambulatamque
1974 3139 2105 3193 licet

163 3231 483 3298 praedictus
502 3229 799 3282 Ladislaus
818 3229 961 3282 filius
983 3231 1272 3300 Eustachij
1288 3231 1465 3283 Actor
1486 3232 1634 3283 viam
1649 3229 1960 3281 Universae
1982 3243 2103 3278 car-

160 3318 247 3369 nis
275 3318 567 3387 ingressus
590 3318 916 3382 exstitisset,
946 3326 1127 3370 tamen
1147 3348 1210 3356 —-
1235 3347 1299 3355 —-
1331 3334 1466 3370 suos
1495 3335 1661 3369 unum
1693 3316 1875 3368 locum
1899 3313 2102 3365 sessio-

160 3405 343 3457 nalem
403 3423 527 3457 cum
579 3405 650 3457 35
678 3406 975 3476 jugeribus
1015 3414 1291 3459 terrarum
1328 3405 1675 3458 invenissent
1724 3403 1873 3471 apud
1913 3399 2100 3453 Dioni-

162 3493 300 3547 sium
350 3492 516 3545 filium
558 3492 729 3557 Bilie,
786 3501 840 3546 et
879 3494 1103 3546 Petrum
1144 3493 1310 3546 filium
1352 3492 1621 3566 Stephani
1678 3491 1925 3546 similiter
1977 3505 2102 3543 cum
