2358 3874
319 231 442 288 158

316 368 390 431 ad
447 366 652 430 laudes
725 366 878 429 enim
939 364 1075 427 fidei
1117 363 1411 450 Stephani
1472 365 1797 428 Verbdczii
1845 366 2022 429 Bulla
2075 390 2258 432 aurea

313 451 601 515 Andreae
625 454 708 512 ΙΙ.
745 449 944 512 varias
983 461 1159 512 antea
1194 448 1506 510 Nobilium
1540 449 1770 513 classes
1805 463 2096 537 aequatas
2125 474 2257 538 per-

314 536 577 601 hibentis
626 534 919 596 maximus
966 533 1059 595 his
1113 533 1198 596 ita
1256 556 1383 595 com
1432 533 1619 595 aratis
1671 530 1982 598 Nobilium
2027 539 2255 622 Scepu-

315 621 605 686 siensium
653 618 846 682 literis
914 618 1186 680 cumulus
1247 640 1386 679 acce
1430 621 1492 680 it.
1559 621 1767 703 Atque
1805 617 1865 680 hi
1914 642 2031 682 sec.
2080 624 2256 683 Xlll.

314 709 663 794 plerumque
726 703 1272 766 exercituantes
1331 703 1539 766 etiam
1585 703 1895 765 Nobiles
1942 704 2022 767 de
2085 708 2258 768 Sce-

313 789 521 877 pusio
567 787 844 851 dicuntur
867 794 918 866 3)
966 790 1138 872 cujus
1185 809 1256 850 ea
1306 787 1398 850 vis
1448 786 1866 874 appellationis
1911 800 2033 864 est,
2084 802 2151 852 ut
2195 793 2259 854 in

311 896 622 937 numerum
699 872 1310 934 exercituantium
1382 871 1655 935 horum
1728 871 2103 935 Nobilium
2174 874 2258 937 de

313 962 596 1044 Scepus
649 955 915 1020 referri
959 955 1309 1020 tantundem
1359 958 1466 1034 sit,
1518 969 1698 1041 atque
1729 978 1911 1019 aurea
1945 955 2255 1021 Nobilium

313 1042 522 1106 donari
555 1042 833 1104 libertate
856 1048 927 1121 4).

489 1314 536 1374 3)
570 1313 650 1362 Sic
681 1313 800 1362 Lad.
842 1312 919 1362 IV.
962 1313 1201 1378 quosdam
1244 1328 1356 1363 cum
1395 1320 1526 1374 terra
1566 1327 1654 1364 sua
1695 1329 1722 1363 a
1759 1328 1887 1363 nexu
1926 1312 2253 1364 obnoxietatis

311 1399 548 1464 pristinae
579 1398 834 1447 absolutos
864 1396 1076 1447 libertati
1097 1397 1343 1448 Nobilium
1377 1399 1437 1448 de
1457 1398 1648 1463 Scepus
1680 1398 1860 1462 aplicat
1892 1399 2255 1459 „exercituan—

309 1492 384 1534 tes
414 1484 465 1533 in
496 1484 741 1541 futurum,
793 1482 923 1532 sicut
961 1483 1021 1531 de
1061 1489 1191 1532 terra
1232 1489 1367 1533 tanta
1398 1482 1734 1532 exercituandi
1772 1498 1884 1532 mos
1922 1482 2106 1534 exstitit
2145 1483 2256 1533 usi-

308 1573 508 1618 tatus“.

486 1696 535 1755 4)
568 1694 637 1743 Ita
669 1694 819 1743 Andr.
854 1693 938 1742 111.
974 1692 1074 1755 (VI.
1111 1690 1167 1742 2.
1201 1709 1252 1757 p.
1289 1688 1437 1753 245)
1472 1692 1643 1753 „fideli
1677 1708 1767 1742 suo
1803 1692 1983 1742 Comiti
2014 1691 2250 1743 Filiorum

304 1778 667 1843 Jobbagionum
700 1779 759 1827 de
793 1777 1000 1841 Scepus.
1044 1776 1169 1826 Cum
1209 1793 1302 1826 nos
1339 1777 1523 1827 Folkus
1543 1806 1628 1814 —
1664 1783 1713 1826 et
1746 1783 1997 1842 'cognatos
2028 1776 2250 1842 ejusdem

311 1878 424 1913 cum
457 1862 689 1911 omnibus
721 1860 1127 1926 possessionibus
1150 1862 1373 1926 ipsorum
1405 1861 1762 1922 haereditariiS‚
1790 1852 1989 1912 emtitiis
2012 1868 2062 1912 et
2079 1863 2255 1927 acqui-

308 1948 414 1997 sitis
446 1977 514 1983 —
558 1947 618 1995 de
657 1961 865 1996 numero
916 1951 965 1994 et
1009 1946 1263 1995 consortio
1304 1946 1515 1996 filiorum
1557 1946 1921 2011 Jobbagionum
1961 1946 2020 1996 de
2061 1946 2251 2011 Scepus

305 2048 429 2098 pure
461 2039 509 2081 et
535 2031 824 2096 simpliciter
854 2030 1113 2079 eximendo
1143 2030 1194 2079 in
1227 2037 1423 2081 coetum
1456 2037 1505 2080 et
1535 2029 1822 2080 societatem
1854 2031 2126 2081 exercitu
2139 2046 2253 2080 an-

305 2118 450 2167 tium
483 2116 789 2165 Nobilium
832 2115 900 2164 de
933 2102 1169 2179 Scepus
1209 2115 1562 2165 duxerimus
1596 2115 1994 2177 transferendos3
2027 2115 2248 2166 fidelitati

303 2209 418 2251 tuae
449 2207 545 2250 cet.
587 2215 701 2250 cum
731 2200 870 2264 ipsos
902 2206 951 2248 et
979 2199 1218 2248 haeredes
1249 2199 1474 2263 ipsorum
1506 2199 1585 2248 illa
1615 2199 1822 2249 velimus
1853 2200 2067 2264 gaudere
2096 2200 2250 2250 liber-

307 2293 424 2345 tate,
456 2285 638 2350 illoque
670 2284 817 2349 potiri
849 2285 1067 2344 honore,
1109 2299 1206 2348 quo
1246 2283 1325 2333 alii
1374 2284 1833 2334 exercituantes
1885 2284 2131 2335 Nobiles
2177 2285 2247 2335 de
2279 2333 2291 2344 ,

306 2370 541 2434 Scepus
589 2369 681 2419 sub
712 2369 884 2418 vexillo
916 2368 1070 2433 Regio
1101 2368 1366 2419 militantes
1404 2369 1771 2433 gratulantur.“

1177 2592 1221 2668 g
1264 2595 1364 2651 23.

397 2744 532 2795 Bela
581 2750 845 2795 castrum
894 2743 949 2792 in
997 2750 1198 2794 monte
1242 2743 1548 2795 Pestiensi
1593 2758 1808 2794 novum
1855 2743 2152 2803 condidit,

474 2902 624 2964 Bela
674 2902 864 2965 altero
912 2914 1051 2988 post
1100 2902 1320 2965 aditum
1358 2901 1545 2987 ‘regni
1597 2922 1771 2977 anno,
1817 2903 1973 2964 Jura
2007 2900 2238 2964 Civium

300 2986 661 3049 Albensium
704 2985 1103 3062 confirmavit,
1140 2986 1443 3071 rebusque
1486 2984 1789 3048 etiamtum
1826 2983 2105 3071 integrm,
2141 3009 2239 3048 ur-

301 3070 435 3134 bem
477 3071 957 3155 Tyrnaviensem
1011 3069 1188 3133 Bulla
1249 3069 1491 3133 donavit
1549 3092 1759 3141 aurea3
1823 3083 1962 3155 post
2012 3070 2236 3141 illatam

299 3178 441 3219 vero
476 3177 585 3241 per
620 3158 884 3218 Tataros
925 3178 1117 3240 regno
1165 3154 1524 3231 vastitatem,
1561 3155 2042 3241 auspicatissimo
2085 3179 2232 3219 usus

299 3239 532 3303 delectu
576 3240 720 3314 loci,
762 3239 820 3301 in
864 3252 1064 3302 monte
1106 3239 1410 3303 Pestiensi
1436 3251 1700 3303 castrum
1741 3239 2032 3316 condidit,
2080 3239 2235 3325 quod

298 3325 470 3387 Buda
523 3325 909 3411 appellatum,
956 3336 1183 3388 tantam
1240 3347 1355 3388 non
1406 3324 1590 3388 multo
1642 3337 1780 3411 post
1825 3348 1859 3387 a
1902 3323 2236 3410 frequentia

300 3409 512 3471 civium
550 3422 609 3473 et
655 3409 1064 3495 hungarorum
1112 3422 1171 3474 et
1208 3410 1645 3474 teutonicorum
1685 3409 2092 3473 celebritatem
2131 3432 2233 3471 na-
