<?xml version="1.0" encoding="UTF-8"?>
<!DOCTYPE html PUBLIC "-//W3C//DTD XHTML 1.0 Transitional//EN"
    "http://www.w3.org/TR/xhtml1/DTD/xhtml1-transitional.dtd">
<html xmlns="http://www.w3.org/1999/xhtml" xml:lang="en" lang="en">
 <head>
  <title>
</title>
<meta http-equiv="Content-Type" content="text/html;charset=utf-8" />
  <meta name='ocr-system' content='tesseract 3.04.00' />
  <meta name='ocr-capabilities' content='ocr_page ocr_carea ocr_par ocr_line ocrx_word'/>
</head>
<body>
  <div class='ocr_page' id='page_1' title='image "./commentariorumad02bart_0118.png"; bbox 0 0 2358 3874; ppageno 0'>
   <div class='ocr_carea' id='block_1_1' title="bbox 299 219 420 274">
    <p class='ocr_par' dir='ltr' id='par_1_1' title="bbox 299 219 420 274">
     <span class='ocr_line' id='line_1_1' title="bbox 299 219 420 274; baseline 0 0"><span class='ocrx_word' id='word_1_1' title='bbox 299 219 420 274; x_wconf 84' lang='lat'>112</span> 
     </span>
    </p>
   </div>
   <div class='ocr_carea' id='block_1_2' title="bbox 284 350 2236 1782">
    <p class='ocr_par' dir='ltr' id='par_1_2' title="bbox 284 350 2236 1782">
     <span class='ocr_line' id='line_1_2' title="bbox 299 350 2231 438; baseline -0.001 -23"><span class='ocrx_word' id='word_1_2' title='bbox 299 355 411 415; x_wconf 89' lang='lat' dir='ltr'>bus</span> <span class='ocrx_word' id='word_1_3' title='bbox 444 354 770 430; x_wconf 79' lang='lat' dir='ltr'>conductiS,</span> <span class='ocrx_word' id='word_1_4' title='bbox 812 365 1128 438; x_wconf 80' lang='lat' dir='ltr'>postquam</span> <span class='ocrx_word' id='word_1_5' title='bbox 1179 351 1250 413; x_wconf 86' lang='lat' dir='ltr'>de</span> <span class='ocrx_word' id='word_1_6' title='bbox 1281 350 1770 430; x_wconf 87' lang='lat' dir='ltr'>administrando,</span> <span class='ocrx_word' id='word_1_7' title='bbox 1802 353 1939 415; x_wconf 87' lang='lat' dir='ltr'>dum</span> <span class='ocrx_word' id='word_1_8' title='bbox 1970 353 2099 438; x_wconf 89' lang='lat' dir='ltr'>ipse</span> <span class='ocrx_word' id='word_1_9' title='bbox 2131 353 2231 415; x_wconf 84' lang='lat' dir='ltr'>ab·</span> 
     </span>
     <span class='ocr_line' id='line_1_3' title="bbox 298 434 2233 521; baseline 0 -22"><span class='ocrx_word' id='word_1_10' title='bbox 298 451 464 500; x_wconf 89' lang='lat' dir='ltr'>esset</span> <span class='ocrx_word' id='word_1_11' title='bbox 514 461 705 521; x_wconf 82' lang='lat' dir='ltr'>regno</span> <span class='ocrx_word' id='word_1_12' title='bbox 747 437 830 498; x_wconf 89' lang='lat' dir='ltr'>ita</span> <span class='ocrx_word' id='word_1_13' title='bbox 875 434 1268 520; x_wconf 84' lang='lat' dir='ltr'>providisset,</span> <span class='ocrx_word' id='word_1_14' title='bbox 1315 446 1380 495; x_wconf 87' lang='lat' dir='ltr'>ut</span> <span class='ocrx_word' id='word_1_15' title='bbox 1426 458 1526 496; x_wconf 88' lang='lat' dir='ltr'>res</span> <span class='ocrx_word' id='word_1_16' title='bbox 1565 435 1931 520; x_wconf 82' lang='lat' dir='ltr'>hungaricas</span> <span class='ocrx_word' id='word_1_17' title='bbox 1962 440 2233 501; x_wconf 84' lang='lat' dir='ltr'>Joannes</span> 
     </span>
     <span class='ocr_line' id='line_1_4' title="bbox 299 517 2236 607; baseline 0 -24"><span class='ocrx_word' id='word_1_18' title='bbox 299 521 809 607; x_wconf 86' lang='lat' dir='ltr'>Archiepiscopus</span> <span class='ocrx_word' id='word_1_19' title='bbox 853 517 1295 603; x_wconf 83' lang='lat' dir='ltr'>Strigoniensis</span> <span class='ocrx_word' id='word_1_20' title='bbox 1370 519 1730 582; x_wconf 88' lang='lat' dir='ltr'>auctoritate</span> <span class='ocrx_word' id='word_1_21' title='bbox 1801 521 2236 606; x_wconf 81' lang='lat' dir='ltr'><strong>prudentiaque</strong></span> 
     </span>
     <span class='ocr_line' id='line_1_5' title="bbox 299 601 2234 679; baseline 0 -13"><span class='ocrx_word' id='word_1_22' title='bbox 299 605 761 679; x_wconf 81' lang='lat' dir='ltr'>commendatuS,</span> <span class='ocrx_word' id='word_1_23' title='bbox 794 602 1164 665; x_wconf 89' lang='lat' dir='ltr'>Dalmaticas</span> <span class='ocrx_word' id='word_1_24' title='bbox 1196 601 1453 664; x_wconf 90' lang='lat' dir='ltr'>Pontius</span> <span class='ocrx_word' id='word_1_25' title='bbox 1485 602 1558 665; x_wconf 92' lang='lat' dir='ltr'>de</span> <span class='ocrx_word' id='word_1_26' title='bbox 1583 606 1779 666; x_wconf 84' lang='lat' dir='ltr'>Cruce</span> <span class='ocrx_word' id='word_1_27' title='bbox 1806 606 2060 668; x_wconf 79' lang='lat' dir='ltr'>Militiae</span> <span class='ocrx_word' id='word_1_28' title='bbox 2089 617 2234 668; x_wconf 89' lang='lat' dir='ltr'>tem-</span> 
     </span>
     <span class='ocr_line' id='line_1_6' title="bbox 297 687 2235 782; baseline 0.001 -32"><span class='ocrx_word' id='word_1_29' title='bbox 297 690 377 775; x_wconf 91' lang='lat' dir='ltr'>pli</span> <span class='ocrx_word' id='word_1_30' title='bbox 408 712 516 774; x_wconf 92' lang='lat' dir='ltr'>per</span> <span class='ocrx_word' id='word_1_31' title='bbox 537 687 914 772; x_wconf 84' lang='lat' dir='ltr'>Hungariam</span> <span class='ocrx_word' id='word_1_32' title='bbox 935 687 1239 782; x_wconf 78' lang='lat' dir='ltr'>Magister</span> <span class='ocrx_word' id='word_1_33' title='bbox 1268 700 1641 772; x_wconf 88' lang='lat' dir='ltr'>procuraret,</span> <span class='ocrx_word' id='word_1_34' title='bbox 1675 710 1727 748; x_wconf 88' lang='lat' dir='ltr'>a.</span> <span class='ocrx_word' id='word_1_35' title='bbox 1762 696 1929 752; x_wconf 80' lang='lat'><strong>1217</strong></span> <span class='ocrx_word' id='word_1_36' title='bbox 1961 690 2092 752; x_wconf 87' lang='lat' dir='ltr'>vela</span> <span class='ocrx_word' id='word_1_37' title='bbox 2116 690 2235 752; x_wconf 87' lang='lat' dir='ltr'>sol-</span> 
     </span>
     <span class='ocr_line' id='line_1_7' title="bbox 296 770 2236 857; baseline 0.001 -23"><span class='ocrx_word' id='word_1_38' title='bbox 296 773 398 835; x_wconf 86' lang='lat' dir='ltr'>vit.</span> <span class='ocrx_word' id='word_1_39' title='bbox 443 772 568 834; x_wconf 84' lang='lat' dir='ltr'>Sed</span> <span class='ocrx_word' id='word_1_40' title='bbox 609 772 1000 857; x_wconf 88' lang='lat' dir='ltr'>necquiquam</span> <span class='ocrx_word' id='word_1_41' title='bbox 1050 793 1268 854; x_wconf 78' lang='lat' dir='ltr'>ingens</span> <span class='ocrx_word' id='word_1_42' title='bbox 1319 770 1419 832; x_wconf 83' lang='lat' dir='ltr'>ille</span> <span class='ocrx_word' id='word_1_43' title='bbox 1467 783 1791 857; x_wconf 88' lang='lat' dir='ltr'>apparatus</span> <span class='ocrx_word' id='word_1_44' title='bbox 1841 773 1968 836; x_wconf 86' lang='lat' dir='ltr'>fuit.</span> <span class='ocrx_word' id='word_1_45' title='bbox 2033 774 2236 836; x_wconf 86' lang='lat' dir='ltr'>Semel</span> 
     </span>
     <span class='ocr_line' id='line_1_8' title="bbox 298 854 2230 940; baseline 0.001 -22"><span class='ocrx_word' id='word_1_46' title='bbox 298 855 451 918; x_wconf 91' lang='lat' dir='ltr'>enim</span> <span class='ocrx_word' id='word_1_47' title='bbox 482 855 813 940; x_wconf 83' lang='lat' dir='ltr'>iterumque</span> <span class='ocrx_word' id='word_1_48' title='bbox 845 878 916 917; x_wconf 90' lang='lat' dir='ltr'>ac</span> <span class='ocrx_word' id='word_1_49' title='bbox 945 854 1188 918; x_wconf 87' lang='lat' dir='ltr'>tertium</span> <span class='ocrx_word' id='word_1_50' title='bbox 1226 854 1374 917; x_wconf 88' lang='lat' dir='ltr'>inita</span> <span class='ocrx_word' id='word_1_51' title='bbox 1415 877 1547 929; x_wconf 0' lang='lat' dir='ltr'>ctum</span> <span class='ocrx_word' id='word_1_52' title='bbox 1578 854 1862 919; x_wconf 87' lang='lat' dir='ltr'>Sesadino</span> <span class='ocrx_word' id='word_1_53' title='bbox 1891 860 2230 920; x_wconf 87' lang='lat' dir='ltr'>Turcarum</span> 
     </span>
     <span class='ocr_line' id='line_1_9' title="bbox 295 939 2235 1028; baseline 0.001 -26"><span class='ocrx_word' id='word_1_54' title='bbox 295 940 548 1002; x_wconf 85' lang='lat' dir='ltr'>Sultano</span> <span class='ocrx_word' id='word_1_55' title='bbox 580 963 784 1025; x_wconf 85' lang='lat' dir='ltr'>pugna</span> <span class='ocrx_word' id='word_1_56' title='bbox 822 940 962 1002; x_wconf 90' lang='lat' dir='ltr'>licet</span> <span class='ocrx_word' id='word_1_57' title='bbox 999 939 1302 1025; x_wconf 83' lang='lat' dir='ltr'>superior,</span> <span class='ocrx_word' id='word_1_58' title='bbox 1336 961 1514 1023; x_wconf 90' lang='lat' dir='ltr'>quum</span> <span class='ocrx_word' id='word_1_59' title='bbox 1546 939 1618 1002; x_wconf 90' lang='lat' dir='ltr'>de</span> <span class='ocrx_word' id='word_1_60' title='bbox 1649 941 1921 1003; x_wconf 88' lang='lat' dir='ltr'>ulteriori</span> <span class='ocrx_word' id='word_1_61' title='bbox 1956 940 2096 1003; x_wconf 90' lang='lat' dir='ltr'>belli</span> <span class='ocrx_word' id='word_1_62' title='bbox 2131 965 2235 1028; x_wconf 84' lang='lat' dir='ltr'>ge-</span> 
     </span>
     <span class='ocr_line' id='line_1_10' title="bbox 296 1022 2236 1111; baseline 0.001 -25"><span class='ocrx_word' id='word_1_63' title='bbox 296 1023 465 1086; x_wconf 89' lang='lat' dir='ltr'>rendi</span> <span class='ocrx_word' id='word_1_64' title='bbox 500 1025 732 1087; x_wconf 88' lang='lat' dir='ltr'>ratione</span> <span class='ocrx_word' id='word_1_65' title='bbox 761 1024 918 1087; x_wconf 88' lang='lat' dir='ltr'>inter</span> <span class='ocrx_word' id='word_1_66' title='bbox 948 1045 1014 1085; x_wconf 91' lang='lat' dir='ltr'>se</span> <span class='ocrx_word' id='word_1_67' title='bbox 1037 1022 1341 1109; x_wconf 82' lang='lat' dir='ltr'>Cyprique</span> <span class='ocrx_word' id='word_1_68' title='bbox 1367 1035 1426 1086; x_wconf 88' lang='lat' dir='ltr'>et</span> <span class='ocrx_word' id='word_1_69' title='bbox 1447 1025 2008 1108; x_wconf 78' lang='lat' dir='ltr'>Hyerosolimorum</span> <span class='ocrx_word' id='word_1_70' title='bbox 2029 1029 2236 1111; x_wconf 80' lang='lat' dir='ltr'>Reges</span> 
     </span>
     <span class='ocr_line' id='line_1_11' title="bbox 298 1106 2235 1186; baseline 0.002 -16"><span class='ocrx_word' id='word_1_71' title='bbox 298 1132 407 1170; x_wconf 88' lang='lat' dir='ltr'>sua</span> <span class='ocrx_word' id='word_1_72' title='bbox 437 1120 667 1170; x_wconf 89' lang='lat' dir='ltr'>tantum</span> <span class='ocrx_word' id='word_1_73' title='bbox 708 1120 1010 1170; x_wconf 87' lang='lat' dir='ltr'>sectantes</span> <span class='ocrx_word' id='word_1_74' title='bbox 1050 1106 1356 1169; x_wconf 86' lang='lat' dir='ltr'>commoda</span> <span class='ocrx_word' id='word_1_75' title='bbox 1395 1131 1514 1170; x_wconf 91' lang='lat' dir='ltr'>non</span> <span class='ocrx_word' id='word_1_76' title='bbox 1546 1113 1922 1186; x_wconf 88' lang='lat' dir='ltr'>conveniret,</span> <span class='ocrx_word' id='word_1_77' title='bbox 1974 1109 2036 1172; x_wconf 89' lang='lat' dir='ltr'>in</span> <span class='ocrx_word' id='word_1_78' title='bbox 2065 1114 2235 1173; x_wconf 90' lang='lat' dir='ltr'>Hun-</span> 
     </span>
     <span class='ocr_line' id='line_1_12' title="bbox 297 1191 2234 1280; baseline 0.002 -27"><span class='ocrx_word' id='word_1_79' title='bbox 297 1192 528 1276; x_wconf 81' lang='lat' dir='ltr'>gariam</span> <span class='ocrx_word' id='word_1_80' title='bbox 562 1215 630 1254; x_wconf 90' lang='lat' dir='ltr'>se</span> <span class='ocrx_word' id='word_1_81' title='bbox 661 1191 920 1277; x_wconf 89' lang='lat' dir='ltr'>recepit,</span> <span class='ocrx_word' id='word_1_82' title='bbox 976 1192 1140 1253; x_wconf 80' lang='lat' dir='ltr'>nullo</span> <span class='ocrx_word' id='word_1_83' title='bbox 1186 1191 1301 1253; x_wconf 84' lang='lat' dir='ltr'>alio</span> <span class='ocrx_word' id='word_1_84' title='bbox 1333 1213 1549 1276; x_wconf 83' lang='lat' dir='ltr'>operae</span> <span class='ocrx_word' id='word_1_85' title='bbox 1592 1193 1785 1279; x_wconf 89' lang='lat' dir='ltr'>pretio</span> <span class='ocrx_word' id='word_1_86' title='bbox 1820 1194 2012 1270; x_wconf 89' lang='lat' dir='ltr'>facto,</span> <span class='ocrx_word' id='word_1_87' title='bbox 2059 1218 2234 1280; x_wconf 89' lang='lat' dir='ltr'>quam</span> 
     </span>
     <span class='ocr_line' id='line_1_13' title="bbox 297 1275 2234 1360; baseline 0.002 -23"><span class='ocrx_word' id='word_1_88' title='bbox 297 1275 450 1360; x_wconf 87' lang='lat' dir='ltr'>quod</span> <span class='ocrx_word' id='word_1_89' title='bbox 481 1276 711 1338; x_wconf 85' lang='lat' dir='ltr'>Leonis</span> <span class='ocrx_word' id='word_1_90' title='bbox 741 1278 1145 1337; x_wconf 90' lang='lat' dir='ltr'>Armenorum</span> <span class='ocrx_word' id='word_1_91' title='bbox 1177 1275 1367 1359; x_wconf 80' lang='lat' dir='ltr'>Regis</span> <span class='ocrx_word' id='word_1_92' title='bbox 1399 1275 1579 1338; x_wconf 88' lang='lat' dir='ltr'>filiam</span> <span class='ocrx_word' id='word_1_93' title='bbox 1616 1276 1903 1340; x_wconf 82' lang='lat' dir='ltr'>Andreae</span> <span class='ocrx_word' id='word_1_94' title='bbox 1945 1279 2068 1342; x_wconf 88' lang='lat' dir='ltr'>filio</span> <span class='ocrx_word' id='word_1_95' title='bbox 2102 1302 2234 1341; x_wconf 94' lang='lat' dir='ltr'>cum</span> 
     </span>
     <span class='ocr_line' id='line_1_14' title="bbox 284 1358 2234 1447; baseline 0.003 -27"><span class='ocrx_word' id='word_1_96' title='bbox 284 1363 425 1444; x_wconf 89' lang='lat' dir='ltr'>jure</span> <span class='ocrx_word' id='word_1_97' title='bbox 476 1358 884 1422; x_wconf 85' lang='lat' dir='ltr'>successionis</span> <span class='ocrx_word' id='word_1_98' title='bbox 937 1358 1299 1422; x_wconf 80' lang='lat' dir='ltr'>haeredibus</span> <span class='ocrx_word' id='word_1_99' title='bbox 1356 1359 1534 1445; x_wconf 87' lang='lat' dir='ltr'>hujus</span> <span class='ocrx_word' id='word_1_100' title='bbox 1594 1374 1800 1447; x_wconf 88' lang='lat' dir='ltr'>pacto,</span> <span class='ocrx_word' id='word_1_101' title='bbox 1856 1364 2040 1426; x_wconf 91' lang='lat' dir='ltr'>Belae</span> <span class='ocrx_word' id='word_1_102' title='bbox 2090 1387 2234 1427; x_wconf 83' lang='lat' dir='ltr'>vero</span> 
     </span>
     <span class='ocr_line' id='line_1_15' title="bbox 296 1443 2235 1529; baseline 0.004 -26"><span class='ocrx_word' id='word_1_103' title='bbox 296 1443 599 1506; x_wconf 84' lang='lat' dir='ltr'>etiamtum</span> <span class='ocrx_word' id='word_1_104' title='bbox 620 1443 934 1529; x_wconf 82' lang='lat' dir='ltr'>impuberi,</span> <span class='ocrx_word' id='word_1_105' title='bbox 967 1443 1330 1529; x_wconf 87' lang='lat' dir='ltr'>impuberem</span> <span class='ocrx_word' id='word_1_106' title='bbox 1348 1445 1599 1506; x_wconf 89' lang='lat' dir='ltr'>Mariam</span> <span class='ocrx_word' id='word_1_107' title='bbox 1618 1444 1924 1509; x_wconf 90' lang='lat' dir='ltr'>Theodori</span> <span class='ocrx_word' id='word_1_108' title='bbox 1944 1448 2235 1510; x_wconf 88' lang='lat' dir='ltr'>Lascaris</span> 
     </span>
     <span class='ocr_line' id='line_1_16' title="bbox 296 1526 2234 1617; baseline 0.003 -29"><span class='ocrx_word' id='word_1_109' title='bbox 296 1528 475 1589; x_wconf 84' lang='lat' dir='ltr'>filiam</span> <span class='ocrx_word' id='word_1_110' title='bbox 520 1526 932 1613; x_wconf 85' lang='lat' dir='ltr'>desponderet.</span> <span class='ocrx_word' id='word_1_111' title='bbox 999 1529 1229 1591; x_wconf 88' lang='lat' dir='ltr'>Itinere</span> <span class='ocrx_word' id='word_1_112' title='bbox 1275 1529 1617 1592; x_wconf 90' lang='lat' dir='ltr'>continuato</span> <span class='ocrx_word' id='word_1_113' title='bbox 1657 1530 1731 1592; x_wconf 90' lang='lat' dir='ltr'>ab</span> <span class='ocrx_word' id='word_1_114' title='bbox 1761 1534 1974 1594; x_wconf 89' lang='lat' dir='ltr'>Asane</span> <span class='ocrx_word' id='word_1_115' title='bbox 2008 1533 2234 1617; x_wconf 80' lang='lat' dir='ltr'>Bulga-</span> 
     </span>
     <span class='ocr_line' id='line_1_17' title="bbox 295 1612 2233 1699; baseline 0.004 -27"><span class='ocrx_word' id='word_1_116' title='bbox 295 1634 494 1672; x_wconf 86' lang='lat' dir='ltr'>rorum</span> <span class='ocrx_word' id='word_1_117' title='bbox 528 1615 900 1697; x_wconf 89' lang='lat' dir='ltr'>Imperatore</span> <span class='ocrx_word' id='word_1_118' title='bbox 931 1636 1048 1674; x_wconf 91' lang='lat' dir='ltr'>non</span> <span class='ocrx_word' id='word_1_119' title='bbox 1080 1612 1248 1698; x_wconf 91' lang='lat' dir='ltr'>prius</span> <span class='ocrx_word' id='word_1_120' title='bbox 1280 1612 1594 1690; x_wconf 85' lang='lat' dir='ltr'>dimissus,</span> <span class='ocrx_word' id='word_1_121' title='bbox 1648 1636 1824 1699; x_wconf 89' lang='lat' dir='ltr'>quam</span> <span class='ocrx_word' id='word_1_122' title='bbox 1870 1614 2008 1680; x_wconf 90' lang='lat' dir='ltr'>huic</span> <span class='ocrx_word' id='word_1_123' title='bbox 2053 1617 2233 1680; x_wconf 83' lang='lat' dir='ltr'>filiam</span> 
     </span>
     <span class='ocr_line' id='line_1_18' title="bbox 295 1694 1464 1782; baseline 0.003 -26"><span class='ocrx_word' id='word_1_124' title='bbox 295 1698 503 1781; x_wconf 88' lang='lat' dir='ltr'>nuptui</span> <span class='ocrx_word' id='word_1_125' title='bbox 537 1719 605 1758; x_wconf 89' lang='lat' dir='ltr'>se</span> <span class='ocrx_word' id='word_1_126' title='bbox 635 1694 991 1758; x_wconf 88' lang='lat' dir='ltr'>traditurum</span> <span class='ocrx_word' id='word_1_127' title='bbox 1023 1696 1464 1782; x_wconf 69' lang='lat' dir='ltr'>spopondisset,</span> 
     </span>
    </p>
   </div>
   <div class='ocr_carea' id='block_1_3' title="bbox 297 1900 2229 2200">
    <p class='ocr_par' dir='ltr' id='par_1_3' title="bbox 297 1900 2229 2200">
     <span class='ocr_line' id='line_1_19' title="bbox 1192 1900 1335 1975; baseline -0.021 -16"><span class='ocrx_word' id='word_1_128' title='bbox 1192 1900 1235 1975; x_wconf 63' lang='grc' dir='ltr'><strong>ς</strong></span> <span class='ocrx_word' id='word_1_129' title='bbox 1280 1902 1335 1959; x_wconf 79' lang='lat'>7.</span> 
     </span>
     <span class='ocr_line' id='line_1_20' title="bbox 297 2047 2229 2117; baseline 0.005 -21"><span class='ocrx_word' id='word_1_130' title='bbox 297 2047 654 2112; x_wconf 85' lang='lat' dir='ltr'>Hungariam</span> <span class='ocrx_word' id='word_1_131' title='bbox 701 2049 938 2114; x_wconf 84' lang='lat' dir='ltr'>reperit</span> <span class='ocrx_word' id='word_1_132' title='bbox 982 2049 1142 2102; x_wconf 88' lang='lat' dir='ltr'>omni</span> <span class='ocrx_word' id='word_1_133' title='bbox 1194 2049 1490 2100; x_wconf 82' lang='lat' dir='ltr'>licentiae</span> <span class='ocrx_word' id='word_1_134' title='bbox 1544 2067 1766 2117; x_wconf 88' lang='lat' dir='ltr'>genere</span> <span class='ocrx_word' id='word_1_135' title='bbox 1813 2053 2229 2116; x_wconf 81' lang='lat' dir='ltr'>deformatam,</span> 
     </span>
     <span class='ocr_line' id='line_1_21' title="bbox 895 2133 1622 2200; baseline 0.007 -19"><span class='ocrx_word' id='word_1_136' title='bbox 895 2133 1322 2199; x_wconf 81' lang='lat' dir='ltr'>exolutamque</span> <span class='ocrx_word' id='word_1_137' title='bbox 1367 2134 1622 2200; x_wconf 77' lang='lat' dir='ltr'>legibus,</span> 
     </span>
    </p>
   </div>
   <div class='ocr_carea' id='block_1_4' title="bbox 296 2288 2233 2720">
    <p class='ocr_par' dir='ltr' id='par_1_4' title="bbox 296 2288 2233 2720">
     <span class='ocr_line' id='line_1_22' title="bbox 465 2288 2233 2392; baseline 0.005 -40"><span class='ocrx_word' id='word_1_138' title='bbox 465 2288 695 2366; x_wconf 86' lang='lat' dir='ltr'>Redux,</span> <span class='ocrx_word' id='word_1_139' title='bbox 725 2291 1098 2375; x_wconf 83' lang='lat' dir='ltr'>Hungariam</span> <span class='ocrx_word' id='word_1_140' title='bbox 1128 2292 1377 2378; x_wconf 88' lang='lat' dir='ltr'>perfidia</span> <span class='ocrx_word' id='word_1_141' title='bbox 1405 2293 1662 2379; x_wconf 88' lang='lat' dir='ltr'>plurium</span> <span class='ocrx_word' id='word_1_142' title='bbox 1693 2294 1851 2357; x_wconf 88' lang='lat' dir='ltr'>sacri</span> <span class='ocrx_word' id='word_1_143' title='bbox 1882 2294 2233 2392; x_wconf 87' lang='lat' dir='ltr'>profanique</span> 
     </span>
     <span class='ocr_line' id='line_1_23' title="bbox 297 2371 2232 2461; baseline 0.005 -28"><span class='ocrx_word' id='word_1_144' title='bbox 297 2371 520 2434; x_wconf 89' lang='lat' dir='ltr'>ordinis</span> <span class='ocrx_word' id='word_1_145' title='bbox 552 2374 816 2436; x_wconf 84' lang='lat' dir='ltr'>virorum</span> <span class='ocrx_word' id='word_1_146' title='bbox 846 2374 1233 2452; x_wconf 85' lang='lat' dir='ltr'>labefactam,</span> <span class='ocrx_word' id='word_1_147' title='bbox 1273 2379 1478 2461; x_wconf 86' lang='lat' dir='ltr'>justos</span> <span class='ocrx_word' id='word_1_148' title='bbox 1522 2378 1738 2440; x_wconf 88' lang='lat' dir='ltr'>aerarii</span> <span class='ocrx_word' id='word_1_149' title='bbox 1777 2380 2008 2442; x_wconf 80' lang='lat' dir='ltr'>reditus</span> <span class='ocrx_word' id='word_1_150' title='bbox 2048 2380 2232 2444; x_wconf 87' lang='lat' dir='ltr'>inter-</span> 
     </span>
     <span class='ocr_line' id='line_1_24' title="bbox 297 2458 2230 2551; baseline 0.005 -35"><span class='ocrx_word' id='word_1_151' title='bbox 297 2468 540 2541; x_wconf 83' lang='lat' dir='ltr'>ceptos3</span> <span class='ocrx_word' id='word_1_152' title='bbox 586 2460 884 2520; x_wconf 86' lang='lat' dir='ltr'>Joannem</span> <span class='ocrx_word' id='word_1_153' title='bbox 914 2458 1480 2546; x_wconf 90' lang='lat' dir='ltr'>Archiepiscopum,</span> <span class='ocrx_word' id='word_1_154' title='bbox 1514 2463 1668 2547; x_wconf 91' lang='lat' dir='ltr'>quod</span> <span class='ocrx_word' id='word_1_155' title='bbox 1701 2463 1966 2527; x_wconf 88' lang='lat' dir='ltr'>muneris</span> <span class='ocrx_word' id='word_1_156' title='bbox 1997 2467 2093 2526; x_wconf 90' lang='lat' dir='ltr'>sui</span> <span class='ocrx_word' id='word_1_157' title='bbox 2122 2489 2230 2551; x_wconf 92' lang='lat' dir='ltr'>pro</span> 
     </span>
     <span class='ocr_line' id='line_1_25' title="bbox 296 2539 2230 2629; baseline 0.006 -30"><span class='ocrx_word' id='word_1_158' title='bbox 296 2539 450 2600; x_wconf 85' lang='lat' dir='ltr'>virili</span> <span class='ocrx_word' id='word_1_159' title='bbox 483 2553 825 2626; x_wconf 83' lang='lat' dir='ltr'>satageret,</span> <span class='ocrx_word' id='word_1_160' title='bbox 876 2542 1096 2605; x_wconf 89' lang='lat' dir='ltr'>finibus</span> <span class='ocrx_word' id='word_1_161' title='bbox 1138 2545 1314 2629; x_wconf 82' lang='lat' dir='ltr'>regni</span> <span class='ocrx_word' id='word_1_162' title='bbox 1345 2558 1649 2623; x_wconf 86' lang='lat' dir='ltr'>exactum,</span> <span class='ocrx_word' id='word_1_163' title='bbox 1687 2546 1843 2610; x_wconf 93' lang='lat' dir='ltr'>bona</span> <span class='ocrx_word' id='word_1_164' title='bbox 1874 2561 2230 2624; x_wconf 85' lang='lat' dir='ltr'>castrorum,</span> 
     </span>
     <span class='ocr_line' id='line_1_26' title="bbox 296 2625 2232 2720; baseline 0.005 -35"><span class='ocrx_word' id='word_1_165' title='bbox 296 2625 710 2686; x_wconf 90' lang='lat' dir='ltr'>nonnullorum</span> <span class='ocrx_word' id='word_1_166' title='bbox 739 2648 1020 2711; x_wconf 84' lang='lat' dir='ltr'>magnam</span> <span class='ocrx_word' id='word_1_167' title='bbox 1063 2641 1294 2713; x_wconf 88' lang='lat' dir='ltr'>partem</span> <span class='ocrx_word' id='word_1_168' title='bbox 1327 2643 1645 2716; x_wconf 90' lang='lat' dir='ltr'>occupata,</span> <span class='ocrx_word' id='word_1_169' title='bbox 1696 2631 1813 2693; x_wconf 88' lang='lat' dir='ltr'>alia</span> <span class='ocrx_word' id='word_1_170' title='bbox 1844 2632 1999 2718; x_wconf 90' lang='lat' dir='ltr'>quod</span> <span class='ocrx_word' id='word_1_171' title='bbox 2029 2633 2232 2720; x_wconf 88' lang='lat' dir='ltr'>populi</span> 
     </span>
    </p>
   </div>
   <div class='ocr_carea' id='block_1_5' title="bbox 297 2708 2232 2879">
    <p class='ocr_par' dir='ltr' id='par_1_5' title="bbox 297 2708 2232 2879">
     <span class='ocr_line' id='line_1_27' title="bbox 297 2708 2232 2802; baseline 0.007 -34"><span class='ocrx_word' id='word_1_172' title='bbox 297 2730 499 2769; x_wconf 89' lang='lat' dir='ltr'>eorum</span> <span class='ocrx_word' id='word_1_173' title='bbox 529 2708 591 2769; x_wconf 91' lang='lat' dir='ltr'>in</span> <span class='ocrx_word' id='word_1_174' title='bbox 621 2709 955 2773; x_wconf 87' lang='lat' dir='ltr'>libertatem</span> <span class='ocrx_word' id='word_1_175' title='bbox 987 2735 1056 2775; x_wconf 90' lang='lat' dir='ltr'>se</span> <span class='ocrx_word' id='word_1_176' title='bbox 1086 2726 1504 2792; x_wconf 86' lang='lat' dir='ltr'>asseruerant,</span> <span class='ocrx_word' id='word_1_177' title='bbox 1537 2714 1609 2777; x_wconf 89' lang='lat' dir='ltr'>de</span> <span class='ocrx_word' id='word_1_178' title='bbox 1638 2715 1823 2801; x_wconf 77' lang='lat' dir='ltr'>priori</span> <span class='ocrx_word' id='word_1_179' title='bbox 1855 2728 2019 2779; x_wconf 86' lang='lat' dir='ltr'>statu</span> <span class='ocrx_word' id='word_1_180' title='bbox 2050 2718 2232 2802; x_wconf 85' lang='lat' dir='ltr'>longe</span> 
     </span>
     <span class='ocr_line' id='line_1_28' title="bbox 297 2791 938 2879; baseline 0.006 -27"><span class='ocrx_word' id='word_1_181' title='bbox 297 2791 669 2876; x_wconf 84' lang='lat' dir='ltr'>demigrasse</span> <span class='ocrx_word' id='word_1_182' title='bbox 699 2794 938 2879; x_wconf 88' lang='lat' dir='ltr'>reperit.</span> 
     </span>
    </p>
   </div>
   <div class='ocr_carea' id='block_1_6' title="bbox 1178 2999 1322 3074">
    <p class='ocr_par' dir='ltr' id='par_1_6' title="bbox 1178 2999 1322 3074">
     <span class='ocr_line' id='line_1_29' title="bbox 1178 2999 1322 3074; baseline 0 -18"><span class='ocrx_word' id='word_1_183' title='bbox 1178 2999 1322 3074; x_wconf 67' lang='lat' dir='ltr'>§a</span> 
     </span>
    </p>
   </div>
   <div class='ocr_carea' id='block_1_7' title="bbox 582 3143 1928 3220">
    <p class='ocr_par' dir='ltr' id='par_1_7' title="bbox 582 3143 1928 3220">
     <span class='ocr_line' id='line_1_30' title="bbox 582 3143 1928 3220; baseline 0.01 -27"><span class='ocrx_word' id='word_1_184' title='bbox 582 3143 795 3194; x_wconf 87' lang='lat' dir='ltr'>Harum</span> <span class='ocrx_word' id='word_1_185' title='bbox 843 3147 1198 3198; x_wconf 84' lang='lat' dir='ltr'>auctoritati</span> <span class='ocrx_word' id='word_1_186' title='bbox 1247 3150 1666 3203; x_wconf 87' lang='lat' dir='ltr'>restituendae</span> <span class='ocrx_word' id='word_1_187' title='bbox 1711 3153 1928 3220; x_wconf 81' lang='lat' dir='ltr'>impar,</span> 
     </span>
    </p>
   </div>
   <div class='ocr_carea' id='block_1_8' title="bbox 299 3303 2227 3551">
    <p class='ocr_par' dir='ltr' id='par_1_8' title="bbox 299 3303 2227 3551">
     <span class='ocr_line' id='line_1_31' title="bbox 467 3303 2227 3397; baseline 0.007 -36"><span class='ocrx_word' id='word_1_188' title='bbox 467 3303 609 3384; x_wconf 87' lang='lat' dir='ltr'>lpse</span> <span class='ocrx_word' id='word_1_189' title='bbox 640 3313 857 3379; x_wconf 89' lang='lat' dir='ltr'>tamen,</span> <span class='ocrx_word' id='word_1_190' title='bbox 891 3325 1059 3388; x_wconf 91' lang='lat' dir='ltr'>quem</span> <span class='ocrx_word' id='word_1_191' title='bbox 1093 3318 1285 3384; x_wconf 87' lang='lat' dir='ltr'>antea,</span> <span class='ocrx_word' id='word_1_192' title='bbox 1319 3328 1559 3370; x_wconf 90' lang='lat' dir='ltr'>cursum</span> <span class='ocrx_word' id='word_1_193' title='bbox 1588 3308 1764 3372; x_wconf 90' lang='lat' dir='ltr'>animi</span> <span class='ocrx_word' id='word_1_194' title='bbox 1789 3334 1967 3397; x_wconf 90' lang='lat' dir='ltr'>porro</span> <span class='ocrx_word' id='word_1_195' title='bbox 1992 3333 2227 3396; x_wconf 85' lang='lat' dir='ltr'>quoque</span> 
     </span>
     <span class='ocr_line' id='line_1_32' title="bbox 299 3387 2223 3480; baseline 0.008 -38"><span class='ocrx_word' id='word_1_196' title='bbox 299 3387 523 3456; x_wconf 82' lang='lat' dir='ltr'>tenuit3</span> <span class='ocrx_word' id='word_1_197' title='bbox 566 3387 943 3471; x_wconf 87' lang='lat' dir='ltr'>peculatores</span> <span class='ocrx_word' id='word_1_198' title='bbox 989 3388 1144 3452; x_wconf 90' lang='lat' dir='ltr'>enim</span> <span class='ocrx_word' id='word_1_199' title='bbox 1185 3403 1418 3455; x_wconf 87' lang='lat' dir='ltr'>terrore</span> <span class='ocrx_word' id='word_1_200' title='bbox 1450 3392 1739 3457; x_wconf 85' lang='lat' dir='ltr'>adventus</span> <span class='ocrx_word' id='word_1_201' title='bbox 1783 3394 1877 3457; x_wconf 84' lang='lat' dir='ltr'>sui</span> <span class='ocrx_word' id='word_1_202' title='bbox 1918 3394 1977 3457; x_wconf 90' lang='lat' dir='ltr'>in</span> <span class='ocrx_word' id='word_1_203' title='bbox 2018 3395 2223 3480; x_wconf 80' lang='lat' dir='ltr'>fugam</span> 
     </span>
     <span class='ocr_line' id='line_1_33' title="bbox 301 3468 2223 3551; baseline 0.009 -27"><span class='ocrx_word' id='word_1_204' title='bbox 301 3468 644 3550; x_wconf 88' lang='lat' dir='ltr'>conjecisse,</span> <span class='ocrx_word' id='word_1_205' title='bbox 696 3483 769 3551; x_wconf 38' lang='lat' dir='ltr'>et·</span> <span class='ocrx_word' id='word_1_206' title='bbox 800 3474 1159 3549; x_wconf 90' lang='lat' dir='ltr'>Honorium,</span> <span class='ocrx_word' id='word_1_207' title='bbox 1208 3499 1282 3537; x_wconf 88' lang='lat' dir='ltr'>ne</span> <span class='ocrx_word' id='word_1_208' title='bbox 1334 3476 1478 3539; x_wconf 87' lang='lat' dir='ltr'>haec</span> <span class='ocrx_word' id='word_1_209' title='bbox 1529 3477 1603 3539; x_wconf 90' lang='lat' dir='ltr'>iis</span> <span class='ocrx_word' id='word_1_210' title='bbox 1650 3478 1789 3541; x_wconf 88' lang='lat' dir='ltr'>alibi</span> <span class='ocrx_word' id='word_1_211' title='bbox 1839 3479 2101 3541; x_wconf 90' lang='lat' dir='ltr'>locorum</span> <span class='ocrx_word' id='word_1_212' title='bbox 2150 3478 2223 3542; x_wconf 84' lang='lat' dir='ltr'>ad</span> 
     </span>
    </p>
   </div>
  </div>
 </body>
</html>
