2358 3874
1973 238 2087 293 161

156 378 626 464 susciperentur,
664 374 855 446 trahi3
895 388 998 437 aut
1030 376 1184 437 bona
1219 376 1348 437 sine
1382 374 1634 437 haerede
1665 374 2094 449 decedentium,

157 461 342 548 prius,
388 483 562 546 quam
606 460 848 545 cognati
894 461 952 521 in
1003 460 1167 522 curia
1207 460 1397 545 Regis
1449 459 1795 535 audiantur,
1839 459 2095 522 conferri

154 545 287 607 aliis
337 545 601 630 possint3
635 544 1022 620 confirmavit,
1057 545 1519 630 constituitque,
1572 556 1639 606 ut
1687 566 1891 606 eorum
1940 543 2098 606 bona

155 633 251 715 qui
277 629 408 691 sine
431 628 689 692 haerede
712 629 781 690 in
809 629 1127 691 exercitu
1154 629 1406 705 obirent,
1428 651 1778 713 quocunque
1799 628 2093 714 acquisita

153 713 324 776 modo
354 714 413 775 in
448 725 760 798 cognatos,
794 712 1057 798 ejusdem
1090 735 1220 773 cum
1252 713 1545 775 defunctis
1577 713 1954 799 propaginiS‚
1995 712 2097 776 de-

155 799 484 861 volvantur.
532 799 852 860 Concessit
892 810 1234 884 praeterea,
1276 810 1342 860 ut
1381 810 1582 860 terrae
1616 798 1804 860 castri
1847 799 1942 861 vel
1972 797 2095 862 Ud-

154 882 572 959 varnikorum,
624 882 694 944 ad
729 905 877 968 quas
909 881 1108 968 populi
1140 906 1251 944 suo
1293 883 1387 944 vel
1420 881 1688 967 Reginae
1723 883 1957 946 nomine
1991 906 2089 946 vo-

154 967 271 1029 cati
322 967 799 1052 congregatique
865 979 1103 1042 essent,
1140 966 1400 1063 priorem
1465 968 1794 1029 retinerent
1842 967 2099 1031 indolem

152 1075 350 1124 suam3
393 1053 712 1137 populique
756 1051 839 1112 illi
890 1050 1270 1137 privilegiato
1310 1050 1645 1136 gauderent
1692 1051 1928 1114 nomine
1972 1050 2095 1115 ho-

154 1135 411 1221 spitum
458 1137 865 1198 liberorum.
912 1136 1179 1200 Perferri
1212 1135 1464 1221 denique
1498 1137 1695 1219 legem
1725 1159 1944 1222 passus
1983 1149 2097 1214 est,

159 1220 231 1282 de
265 1221 464 1282 causis
494 1221 802 1283 Nobilium
828 1221 956 1282 sine
987 1220 1376 1306 petitionibus
1402 1220 1925 1305 (suplicationibus
1951 1222 2097 1283 scri-

159 1305 308 1390 ptis)
341 1305 743 1391 expediendis.

1031 1595 1072 1669 §
1120 1598 1201 1653 26

501 1745 986 1795 Constitutionis
1034 1745 1163 1810 ejus
1209 1747 1265 1795 in
1314 1762 1373 1794 re
1415 1747 1762 1811 judiciaria.

332 1902 664 1965 Emericum
710 1906 938 1988 Regem
985 1902 1182 1966 dicere
1230 1903 1448 1966 alicubi
1492 1905 1728 1967 memini
1775 1905 2098 1969 multitudi-

158 2009 291 2048 nem
310 1987 591 2050 Judicum
625 1989 1018 2051 calamitatem
1053 2011 1190 2051 esse
1222 1988 1604 2071 litigantium.
1636 1989 1738 2052 Ad
1765 1989 1920 2052 hanc
1951 2003 2096 2053 tem-

155 2072 475 2157 perandam
505 2074 652 2135 Bela
685 2073 1211 2135 constitutionibus
1246 2074 1374 2135 suis
1407 2072 1563 2136 haud
1592 2097 1801 2160 parum
1827 2074 2095 2138 contulit.
2126 2081 2132 2092 ’“

155 2161 224 2218 In
259 2157 474 2242 quibus
515 2161 654 2243 jure
699 2157 952 2220 maximo
998 2157 1369 2234 laudaveriS,
1424 2157 1580 2244 quod
1636 2159 2094 2223 Bilochorum

156 2241 484 2325 Regiorum
532 2242 825 2326 abrogato
870 2242 1178 2318 instituto,
1211 2242 1376 2305 sures
1409 2266 1641 2328 quoque
1709 2256 1767 2306 et
1827 2246 2093 2308 latrones

156 2326 511 2389 conditionis
544 2327 803 2402 serviliS‚
839 2327 1135 2390 Comitum
1165 2326 1587 2412 parochialium
1622 2329 1916 2392 commisit
1935 2329 2095 2415 judi-

159 2411 249 2473 cio
278 2418 338 2490 Ι).
386 2415 508 2474 Pro
540 2411 823 2473 tribunali
870 2411 1023 2474 sedit
1055 2411 1542 2496 frequentissime
1565 2419 1645 2492 2);
1691 2412 1954 2500 nihilque
1997 2412 2097 2475 ha-

158 2495 285 2558 buit
317 2495 649 2581 antiquius,
696 2519 870 2581 quam
911 2520 983 2558 ne
1025 2518 1242 2558 causae
1287 2519 1486 2558 rerum
1537 2497 1907 2582 capitalium,
1949 2521 2097 2583 quas

341 2778 380 2837 ¹)
415 2771 663 2836 Promisti,
699 2777 861 2837 audi0,
898 2777 1000 2827 sore
1034 2791 1191 2842 prope
1232 2776 1384 2827 diem:
1431 2785 1482 2827 ut
1514 2775 1727 2826 sciamus
1758 2776 1945 2826 Bilotos
1977 2792 2093 2827 aevo

157 2876 353 2925 quoque
397 2859 515 2910 Lad.
550 2861 625 2909 IV.
669 2861 961 2926 superstites
1001 2862 1049 2911 in
1090 2863 1349 2911 vernaculo
1398 2862 1599 2911 Falusi
1647 2862 1864 2925 Ispany
1912 2861 2090 2911 dictos,

159 2945 449 2994 Comitem
488 2945 584 2994 hoc
615 2951 985 2995 terrestrem
1018 2947 1275 3010 significat,
1311 2953 1358 2995 et
1389 2946 1511 2995 nihil
1541 2960 1702 3009 neque
1734 2960 1845 2995 cum
1878 2945 2094 2995 Bilochis

156 3029 304 3078 Andr.
340 3029 422 3087 11„
457 3043 617 3092 neque
650 3045 762 3079 cum
794 3030 988 3095 Bylokis
1019 3031 1144 3080 Lud.
1169 3031 1206 3080 Ι.
1241 3037 1325 3080 aut
1347 3020 1531 3080 Bilokis'
1550 3029 1729 3079 Mariae
1754 3031 1882 3094 apud
1909 3030 2090 3091 Kollar‚

157 3128 215 3162 eo
246 3128 360 3162 vero
402 3112 564 3161 minus
615 3128 726 3162 cum
776 3114 921 3163 Biro
970 3130 1232 3164 commune
1280 3115 1452 3174 habet,
1512 3130 1568 3163 ex
1618 3129 1715 3177 quo
1763 3113 2094 3177 hirsagium

158 3197 424 3247 derivatum
458 3195 685 3245 diximus,
721 3196 835 3247 Vide
869 3199 935 3248 sis
967 3199 1132 3248 literas
1164 3199 1307 3248 etiam
1343 3199 1398 3248 C.
1433 3198 1491 3247 D.
1516 3196 1590 3247 IV.
1633 3195 1683 3246 1.
1721 3212 1767 3260 p.
1794 3194 1871 3247 68
1905 3202 1954 3245 et
1985 3213 2090 3260 seq.

336 3339 383 3398 2)
416 3336 485 3386 De
518 3337 829 3401 generalibus
862 3339 996 3403 regni
1024 3338 1242 3403 JudiciiS‚
1267 3336 1511 3401 Curiaque
1543 3335 1650 3402 ejus
1683 3343 1730 3385 et
1751 3335 1832 3386 filii
1854 3337 2092 3401 Stephani

159 3422 328 3471 confer
365 3422 531 3471 literas
564 3438 653 3485 per
681 3423 823 3471 Joan.
860 3423 1073 3471 Horvath
1106 3422 1199 3484 Ep.
1233 3421 1280 3470 in
1316 3437 1406 3469 suo
1438 3421 1594 3484 Egyh.
1629 3425 1721 3469 ert.
1763 3418 1903 3470 821.
1951 3428 1986 3469 t.
2011 3420 2087 3469 IV.

158 3506 440 3568 productas,

232 3601 440 3645 immun.
472 3603 518 3645 T.
552 3601 601 3644 ιι.
1588 3587 1605 3635 1
1632 3587 1649 3635 1
