2358 3874
265 250 389 307 15⁰

260 397 558 474 poterant,
593 396 763 447 vetus
793 383 906 444 hoc
936 382 1276 444 institutum
1303 388 1349 460 ι)
1368 429 1384 457 ,
1430 404 1552 444 non
1581 381 1722 445 item
1756 395 1816 447 et
1845 384 2079 469 legem,
2130 407 2207 448 ex

263 494 380 557 qua
410 469 665 533 absdare
712 480 910 530 terras
957 465 1325 551 hungaricas
1370 466 1596 528 exteris
1640 467 1810 530 nefas
1848 466 2205 546 habebatur,

262 556 427 619 velut
458 554 835 617 obliteratam
865 551 987 614 situ
1019 550 1379 614 observavit.
1486 566 1489 570 ·

402 828 444 886 1)
476 824 592 874 Vide
624 823 941 873 donationem
961 823 1145 872 Adamo
1166 822 1352 872 Polono
1388 823 1602 872 advenae
1634 822 1810 871 factam
1839 836 1990 887 super
2010 821 2205 874 Therne

263 910 338 959 Vl.
372 926 423 974 p.
459 902 602 958 489.

1144 1156 1187 1230 ς
1233 1158 1332 1214 13.

310 1309 374 1358 ln
418 1307 611 1357 terris
656 1306 863 1357 vacuis
909 1306 1318 1356 castrensium
1364 1305 1973 1372 Udvarnicorumque
2007 1321 2156 1358 nova

889 1390 1165 1441 condidit
1210 1390 1571 1456 municipia.

430 1550 598 1614 Novi
646 1547 840 1611 coloni
879 1549 1086 1611 vacuis
1130 1549 1562 1626 castrensium,
1610 1548 2208 1635 Udvarnicorumque

260 1635 464 1711 terris,
497 1657 690 1720 neque
713 1645 911 1696 tamen
937 1633 1149 1697 officiis
1174 1633 1353 1696 etiam
1382 1634 1618 1696 illorum
1638 1656 2025 1706 successere3
2051 1633 2208 1719 quod

255 1719 664 1806 jurisdictioni
695 1719 1022 1795 Comitum,
1068 1718 1618 1803 centurionumque
1650 1720 1868 1781 exemti
1903 1720 2046 1804 jura
2086 1741 2208 1781 am-

257 1804 466 1904 pliora,
499 1803 1013 1888 conditionemque
1043 1802 1330 1866 leniorem
1360 1802 1521 1865 nacti
1553 1815 1712 1865 sunt.
1749 1801 1998 1866 Fiducia
2020 1801 2202 1889 hujus

256 1912 317 1951 1n
361 1887 719 1975 peregrinos
759 1886 1136 1950 liberalitatis
1180 1887 1276 1948 usi
1316 1900 1554 1951 veteres
1593 1887 1860 1964 incolae,
1905 1910 2084 1973 pares
2128 1888 2203 1950 ab

258 1996 359 2048 eo,
413 1971 993 2057 successoribusque
1050 1973 1290 2035 favores
1350 1971 1623 2036 certatim
1688 1972 2092 2059 deposcebant
2123 1979 2203 2053 1);

254 2056 713 2142 habueruntque
755 2054 867 2119 hos
900 2079 1106 2120 omnes
1138 2056 1196 2117 in
1229 2069 1371 2119 vota
1401 2080 1514 2130 sua
1543 2057 1769 2120 faciles,
1824 2060 1919 2119 Ex
1951 2080 2068 2143 quo
2112 2061 2202 2120 in-

257 2142 534 2227 telligas,
584 2140 723 2204 inde
765 2139 840 2202 ab
893 2153 1090 2205 aetate
1134 2141 1319 2207 Belae
1367 2145 1478 2205 1V.
1533 2141 1799 2228 priscum
1847 2143 2204 2205 Castrorum

258 2239 533 2376 gystema
570 2249 691 2289 non
723 2226 1006 2304 fortuito,
1054 2226 1163 2290 sed
1198 2226 1472 2311 Regibus
1513 2225 1819 2315 plerisque
1861 2226 2203 2291 volentibus

298 2311 601 2375 efluxisse.

441 2585 485 2644 1)
515 2583 652 2633 Idem
683 2597 774 2647 per
802 2582 1026 2647 hospites
1057 2590 1157 2633 tam
1188 2584 1460 2650 hungaroS,
1498 2600 1644 2649 quam
1667 2584 1948 2635 teutonicos
1980 2584 2202 2636 suburbii

258 2668 405 2718 castri
428 2667 554 2717 Bors
588 2673 837 2728 exoratuS,
871 2674 925 2717 ut
956 2674 1135 2718 statum
1171 2684 1365 2729 eorum,
1399 2669 1607 2734 qualiter
1637 2677 1686 2720 et
1715 2670 1766 2719 in
1799 2669 1977 2735 quibus
2002 2669 2092 2719 sibi
2119 2676 2204 2720 aut

258 2752 437 2803 Comiti
469 2752 616 2802 castri
648 2752 893 2801 deservire
925 2751 1168 2802 debeant?
1221 2753 1449 2803 ordinare
1481 2754 1735 2819 dignetur,
1785 2753 2034 2819 privilegio
2075 2769 2202 2802 con-

260 2837 444 2897 stituit,
480 2844 534 2886 ut
563 2836 614 2885 hi
646 2836 737 2885 sibi
769 2837 1092 2901 expeditionis
1122 2844 1347 2902 tempore
1386 2838 1638 2888 militem
1684 2852 1863 2888 unum
1896 2837 2200 2887 ornamentis

257 2920 549 2970 militaribus
587 2920 798 2969 honeste
835 2929 1183 2985 praeparatum
1232 2937 1291 2971 ex
1338 2929 1536 2971 centum
1585 2921 1926 2971 mansionibus
1973 2922 2196 2983 mittant;

258 3003 438 3054 Comiti
471 2999 633 3054 Castri
663 3004 715 3052 in
745 3004 992 3054 nativitate
1025 3005 1213 3054 domini
1248 3020 1399 3058 unam
1437 3006 1680 3070 pecudem
1719 3005 2031 3070 pascualem,
2079 3003 2196 3055 100

256 3103 430 3152 paneS,
469 3085 544 3137 12
567 3088 788 3153 gallinas,
828 3085 902 3136 12
925 3088 1133 3138 cubulos
1166 3089 1446 3150 cerevisiae,
1481 3096 1530 3139 et
1561 3090 1806 3156 quaelibet
1828 3090 2020 3140 mansio
2043 3105 2197 3140 unum

258 3172 494 3223 eubulum
526 3187 716 3222 anonae
748 3172 863 3222 dare
895 3179 1138 3223 teneatur.
