2280 3918
276 207 353 262 12

275 345 466 431 pietas
507 353 552 424 1)
597 344 886 407 adversus
926 345 1173 406 Petrum
1221 342 1506 418 armavit,
1570 353 1883 427 postquam
1921 338 2057 405 huic
2096 365 2197 404 no-

278 431 444 493 cendi
468 431 808 493 facultatem
833 429 1124 492 ademtam
1157 427 1523 514 percrebuit,
1570 427 1880 491 exstitisse
1911 449 2027 489 non
2058 449 2198 513 pau-

277 540 418 592 coS‚
474 515 600 578 veri
649 515 1006 577 simillimum
1047 513 1164 590 sit,
1217 515 1314 599 qui
1363 512 1518 576 dicto
1559 511 1870 576 audientes
1915 511 2200 574 Andreae

278 625 345 663 se
370 601 566 687 jussis
593 612 822 688 promte
851 599 1326 673 accomodarent3
1358 622 1499 686 pars
1527 611 1724 661 tamen
1745 599 1923 684 longe
1951 597 2203 659 maxima

277 687 507 750 efferati
529 687 726 774 populi
782 689 1004 749 'Vatam
1046 697 1106 748 et
1160 685 1357 748 socios
1400 683 1831 770 sequebantur,
1893 684 2020 770 qui,
2074 685 2202 745 Au-

277 785 476 835 ctores
502 772 925 856 ministrosque
950 771 1331 834 consiliorum
1356 794 1424 832 ac
1446 769 1782 856 generatim
1806 768 2205 831 instrumenta

276 858 612 920 dominatus
660 856 860 933 Petri,
919 856 1265 920 sacerdotes
1307 856 1557 942 suplicio
1594 854 1847 930 dandoS‚
1894 877 2004 916 nec
2031 854 2204 916 decu-

278 967 404 1005 mas
448 955 678 1006 tantum
715 942 1097 1028 abrogandas
1129 991 1143 1019 ‚
1210 941 1318 1005 sed
1364 964 1495 1004 cum
1539 940 1783 1028 templis
1820 938 2200 1027 ipsumadeo

278 1050 467 1092 novae
505 1028 817 1114 religionis
862 1028 1179 1114 vestigium
1216 1027 1576 1091 eradendum
1617 1027 1989 1126 flagitabant.
2031 1032 2082 1104 2)
2129 1028 2208 1088 Et

281 1112 720 1201 chronographi
764 1113 996 1200 quidem
1043 1114 1219 1201 patrii
1257 1112 1432 1200 hujus
1472 1124 1673 1176 tantae
1714 1111 2098 1175 immanitatis
2139 1111 2207 1173 li-

281 1200 534 1263 centiam
570 1200 786 1287 populo
823 1223 930 1286 per
971 1202 1176 1263 Duces
1211 1199 1424 1262 factam
1468 1198 1804 1286 perhibent3
1850 1198 1910 1262 id
1954 1209 2207 1261 certum:

279 1298 517 1373 praeter
552 1287 775 1384 vulgus
799 1335 814 1363 ‚
881 1288 1180 1372 Majorum
1230 1285 1407 1348 etiam
1465 1297 1694 1372 partem
1745 1308 1865 1349 non
1921 1282 2208 1347 modicam

278 1372 784 1435 truculentissimo
822 1395 1027 1435 errore
1064 1370 1411 1448 instinctoS,
1458 1394 1567 1435 nec
1600 1394 1742 1434 vero
1777 1394 1814 1433 a
1851 1368 2037 1456 copiis
2068 1392 2206 1432 mox

283 1457 450 1520 initio
496 1456 578 1520 ita
619 1470 889 1545 paratum
935 1456 1240 1520 Andream
1285 1457 1513 1535 fuisse,
1572 1470 1639 1520 ut
1693 1480 1808 1519 non
1855 1454 2210 1542 aliquamdiu

284 1543 591 1621 cunctari,
658 1566 830 1628 quam
886 1542 955 1605 de
996 1567 1195 1606 rerum
1241 1566 1470 1605 summa
1517 1556 1741 1607 temere
1783 1543 1970 1604 aleam
2005 1544 2210 1627 jacere

283 1629 473 1692 satius
505 1629 891 1693 existimaret.
923 1629 1146 1692 Hausit
1180 1629 1412 1691 interea
1444 1630 1612 1693 furor
1644 1627 1846 1716 populi
1875 1625 2212 1690 Gerardum

285 1715 752 1779 Csanadiensem
792 1715 1178 1791 Praesulem‚
1238 1713 1648 1803 hospitemque
1698 1713 1874 1778 etiam
1921 1725 2083 1788 tum,
2149 1723 2214 1777 ut

284 1800 631 1890 Biographo
666 1825 774 1864 suo
802 1814 1073 1877 vocatur,
1118 1803 1391 1879 Patrem,
1439 1801 1538 1887 qui
1571 1800 1623 1865 d.
1654 1801 1979 1885 Protoregi
2009 1822 2044 1860 a
2076 1821 2216 1861 con-.

286 1886 464 1965 siliis,
512 1912 547 1950 a
587 1887 860 1975 partibus
902 1886 1111 1953 deinde
1154 1886 1323 1949 Petri
1364 1886 1603 1950 tuendis
1650 1884 2007 1972 praecipuus
2052 1895 2210 1958 erat3

286 1997 396 2035 nec
434 1974 638 2059 plures
679 1997 853 2060 quam
890 1986 1019 2036 tres
1053 1972 1384 2060 Episcopos
1422 1971 1572 2035 cladi
1606 1970 1746 2034 huic
1779 1973 2074 2034 mansisse
2114 1993 2212 2032 su-

285 2061 570 2146 perstites
610 2059 961 2145 accepimus,
1020 2059 1144 2122 Sed
1189 2082 1290 2122 res
1329 2058 1614 2146 paulatim
1658 2058 1732 2120 ab
1775 2057 1989 2120 insana
2039 2059 2097 2118 vi
2139 2055 2214 2119 ad

288 2146 600 2209 consilium
631 2146 834 2219 rediit3
872 2144 1060 2208 erevit
1086 2144 1325 2208 enimin
1361 2144 1488 2208 dies
1516 2166 1798 2207 numerus
1833 2143 2069 2218 horum,
2114 2143 2214 2241 qui

286 2231 418 2294 yisa
457 2231 736 2308 monstri,
792 2230 884 2294 cui
925 2229 1118 2294 adhuc
1158 2230 1645 2307 inservivissent‚
1690 2228 1998 2293 teterrima
2042 2228 2214 2305 facie,

289 2318 450 2381 alere
486 2319 632 2381 illud
675 2317 997 2382 desierunt.
1043 2321 1122 2380 Et
1163 2316 1275 2378 sub
1314 2316 1535 2386 exitum
1579 2315 1811 2402 quidem
1851 2338 1902 2377 a.
1945 2322 2109 2378 loti?
2160 2313 2214 2376 is

292 2404 621 2468 animorum
657 2416 788 2466 erat
830 2402 1072 2466 habitus
1113 2401 1328 2490 partim
1362 2426 1472 2464 sua
1509 2401 2214 2489 poenitentiumrsponte,

290 2490 502 2575 partim
546 2490 599 2552 vi
626 2503 685 2553 et
715 2502 946 2553 terrore
985 2501 1246 2551 armatae
1280 2511 1490 2550 manus
1516 2487 1952 2575 perculsorum,
2000 2499 2063 2549 ut
2088 2489 2216 2547 An-

292 2577 466 2640 dreas
501 2576 677 2640 tertio
711 2600 745 2638 a
784 2574 963 2638 caede
993 2574 1045 2638 d.
1081 2573 1333 2638 Gerardi
1372 2597 1596 2650 mense,
1636 2596 1768 2635 cum
1813 2572 2215 2660 Optimatibus

294 2688 410 2727 non
450 2663 621 2726 modo
657 2662 729 2725 ad
773 2659 1246 2746 exstinguendas
1287 2658 1597 2723 seditionis
1636 2658 1947 2746 reliquiaS‚
2010 2680 2215 2721 verum

434 2915 474 2973 ¹)
521 2912 591 2960 lta
632 2925 781 2970 sane,
836 2909 1146 2974 perstititque
1186 2910 1307 2958 haec
1346 2909 1396 2957 in
1436 2923 1546 2957 eum
1595 2907 1750 2972 pietas
1789 2904 1917 2970 apud
1956 2903 2216 2968 Hungaros

295 2999 395 3048 diu.
432 2997 588 3058 „Post
618 2996 802 3060 aliquot
832 3002 993 3045 autem
1026 3010 1182 3046 annos
1215 2992 1308 3061 (ait
1337 2990 1489 3062 Keza)
1522 3009 1631 3042 cum
1667 2997 1798 3041 esset
1827 2991 2061 3040 effossum
2096 3005 2214 3039 cor-

296 3101 388 3150 pus
421 3084 480 3133 de
511 3081 800 3147 sepulchr0‚
850 3080 1096 3130 sudarium
1131 3087 1179 3129 et
1209 3078 1493 3129 vestimenta
1532 3078 1687 3143 ipsius
1727 3077 2018 3126 invenerunt
2047 3075 2218 3125 incor—

300 3177 468 3235 rupta,
517 3174 566 3217 et
602 3168 708 3217 loca
749 3168 1000 3217 vulnerum
1049 3173 1272 3214 resanata
1296 3203 1308 3220 ,
1337 3164 1757 3229 'sepelieruntque
1799 3163 1997 3212 tandem
2037 3177 2217 3226 corpus

299 3255 405 3319 ejus
435 3256 483 3304 in
516 3253 718 3319 proprio
759 3252 1057 3303 monasterio
1091 3253 1247 3301 Saar“
1293 3268 1389 3299 uon
1422 3251 1583 3315 itaque
1623 3250 1764 3314 plane
1805 3248 1924 3298 nihil
1963 3248 2090 3296 inter
2126 3247 2218 3295 hos

301 3341 539 3390 Samuelis
581 3340 795 3389 cultores
827 3346 874 3389 et
905 3338 1139 3403 reliquam
1180 3337 1540 3388 multitudinem
1583 3336 1724 3385 Vatac
1763 3335 2105 3385 adhaerentem
2138 3332 2219 3381 in-

303 3426 525 3475 terfuisse
559 3425 683 3474 ultro
717 3432 864 3489 patet.

434 3542 481 3595 2)
527 3540 678 3588 Thur.
715 3539 773 3587 ll.
809 3555 852 3587 c.
892 3535 986 3588 39.
