2358 3874
320 219 474 271 XXll

322 357 586 417 ficanteS,
641 353 838 422 quibus
893 350 1117 417 expedit
1155 350 1458 413 universis,
1514 354 1658 420 quod
1713 355 1764 406 in
1806 353 2260 428 Congregatione

320 452 513 497 nostra
530 438 792 493 Generali
811 436 1186 489 universitatis
1197 436 1470 489 Nobilium
1493 438 1853 494 posoniensis
1874 451 1929 495 et
1943 443 2262 497 Mosonien-

321 532 404 586 sis
425 529 794 583 Comitatuum
813 528 862 594 2)
883 525 1049 576 Feria
1083 526 1331 576 secunda
1365 526 1622 593 proxima
1661 537 1788 580 ante
1818 529 2021 583 festum
2045 531 2260 584 Ascen-

320 619 493 673 sionis
549 614 769 668 Domini
815 613 978 665 Anno
1038 612 1288 680 ejusdem
1344 611 1487 663 1347
1536 613 1590 665 in
1644 613 1882 667 Civitate
1930 617 2262 672 Posoniensi

321 708 627 766 celebrata,
679 700 973 753 Ladislaus
1032 699 1177 751 filius
1217 700 1507 752 Eustachii
1566 703 1634 753 de
1681 702 1912 754 Karcha
1965 705 2032 756 de
2082 706 2260 759 medio

318 796 552 849 aliorum
593 787 966 858 personaliter
1005 789 1361 857 exurgendO,
1414 797 1579 856 prout
1633 806 1736 857 per
1780 790 1996 844 litteras
2033 801 2260 857 nostras

316 885 371 936 in
413 882 608 934 eadem
649 875 1091 946 congregatione
1130 884 1325 927 nostra
1355 885 1647 929 emanatas
1676 877 2111 932 informabamur
2131 867 2272 934 con->

317 980 404 1023 tra
442 966 751 1021 Dionisiuni
798 963 996 1016 Filium
1035 963 1220 1026 Belie,
1280 973 1335 1015 et
1374 963 1598 1016 Petrum
1637 965 1832 1018 Filium
1873 966 2143 1036 Stephani
2191 970 2262 1021 de

317 1060 512 1112 eadem
551 1052 779 1107 Karcha
827 1061 957 1104 tunc
998 1051 1379 1120 personaliter
1427 1052 1824 1118 adhaerenteS,
1882 1064 2261 1124 proposuerat

315 1147 414 1200 tali
450 1145 650 1196 modo:
692 1141 837 1210 quod
875 1139 999 1208 ipse
1039 1156 1164 1191 cum
1205 1139 1412 1191 eisdem
1453 1139 1724 1205 Dionisio,
1765 1150 1819 1193 et
1860 1141 2026 1194 Petro
2064 1142 2119 1195 in
2139 1161 2259 1207 ,una

317 1241 470 1286 esset
506 1227 956 1300 possessionaria
997 1227 1282 1290 divisione,
1321 1245 1488 1279 unum
1531 1229 1603 1280 ab
1642 1229 1854 1282 eisdem
1895 1230 2041 1283 scire
2071 1230 2259 1284 volue-

315 1331 433 1386 rat,
492 1328 547 1372 et
596 1317 815 1379 audire,
872 1324 1054 1367 utrum
1092 1315 1202 1384 ipsi
1241 1317 1476 1368 eundem
1515 1334 1638 1368 cum
1690 1317 1831 1386 ipsis
1868 1318 1924 1370 in
1962 1335 2075 1382 una
2125 1320 2258 1373 divi-

316 1410 472 1462 sione
512 1404 963 1476 possessionaria
1004 1402 1127 1455 fore
1170 1403 1491 1473 judicarent
1537 1421 1642 1456 nec
1692 1405 1803 1458 ne?
1856 1404 2104 1459 Tandem
2154 1423 2259 1460 nos

314 1498 497 1566 ipsam
537 1493 780 1546 Causam
820 1491 1134 1544 volentibus
1175 1491 1381 1545 eisdem
1421 1492 1693 1560 partibuS,
1738 1503 1794 1544 et
1830 1494 2146 1562 petentibus
2185 1496 2257 1548 ad

314 1584 566 1636 Octavas
585 1580 738 1632 Festi
760 1579 1078 1631 Nativitatis
1095 1578 1160 1630 Β.
1188 1577 1459 1632 ,Iohannis
1485 1579 1774 1648 Baptistae
1796 1590 1985 1634 attunc
2004 1583 2258 1650 proxime

312 1681 610 1734 venturaS,
661 1669 717 1720 in
772 1667 988 1719 Budam
1040 1669 1142 1719 sub
1191 1666 1373 1719 forma
1423 1666 1638 1720 fiendae
1698 1668 1860 1736 pacis
1918 1670 2257 1722 duxeramus

311 1758 757 1829 prorogandam,
811 1771 846 1806 a
886 1755 1083 1824 quibus
1132 1755 1351 1825 quidem
1406 1755 1637 1809 Octavis
1676 1755 1801 1808 festi
1831 1755 2153 1812 Nativitatis
2191 1757 2256 1810 B.

315 1846 545 1900 Joannis
574 1844 866 1912 Baptistae
906 1842 1034 1911 ipsa
1074 1859 1251 1894 causa
1292 1843 1526 1896 diversis
1566 1844 1884 1897 dilationum
1917 1846 2151 1898 cautelis
2175 1846 2255 1898 in-

313 1933 765 1995 tervenientibuS,
805 1931 1172 1983 mediantibus
1210 1931 1407 1983 litteris
1446 1931 1670 1984 Nostris
1708 1933 2119 2005 prorogatoriis
2159 1951 2253 1986 ex-

308 2023 434 2074 inde
474 2019 745 2073 confectis
784 2035 888 2087 pro
931 2036 1036 2082 eo,
1086 2019 1214 2088 quia
1254 2019 1407 2073 Belie
1458 2019 1605 2072 filius
1649 2021 1799 2074 Petri
1851 2021 1946 2074 filii
1985 2020 2262 2091 Stephani-

308 2110 511 2162 dictum
550 2106 876 2176 Dionysium
915 2105 1084 2158 filium
1124 2106 1278 2159 Belie
1316 2116 1592 2159 mortuum
1632 2109 1893 2172 existere,
1932 2118 1987 2161 et
2021 2112 2255 2162 eundem

309 2197 533 2249 Petrum
582 2196 793 2263 absque
846 2194 1252 2262 potentialitate
1308 2194 1579 2249 ,Iohannis
1630 2196 1845 2249 Fratris
1902 2198 1989 2250 sui
2034 2198 2253 2262 uterini,

306 2303 376 2339 ac
413 2282 710 2336 Michaelis
748 2282 963 2334 Fratris
994 2282 1172 2351 ipsius
1197 2283 1431 2335 Dionisii
1466 2284 1521 2335 in
1553 2285 1881 2352 praemissis
1909 2287 2252 2354 respondere

305 2392 415 2426 non
461 2388 629 2441 posse
682 2370 959 2440 allegarat
1014 2373 1084 2422 ad
1125 2370 1287 2423 S-vas
1339 2372 1491 2424 Festi
1529 2372 1689 2426 Beati
1730 2372 1961 2444 Georgii
1999 2371 2252 2425 Martiris

305 2460 558 2529 proxime
596 2458 934 2527 praeteritas
976 2462 1237 2511 extiterat
1289 2469 1638 2531 prorogata3
1690 2462 1830 2530 ipsis
1875 2462 2062 2531 itaque
2102 2460 2251 2513 8—vis

303 2549 458 2601 Festi
498 2547 656 2599 Beati
685 2545 918 2621 Georgii
951 2546 1198 2599 Martiris
1240 2547 1671 2602 adhaerentibus
1712 2549 2031 2618 praedictus
2058 2548 2250 2600 Ladis·

303 2637 427 2690 laus
466 2633 679 2689 Nobilis
721 2636 786 2686 (le
826 2634 1083 2699 Karcza,
1138 2637 1209 2688 ad
1248 2636 1512 2689 Nostram
1553 2635 1927 2704 personaliter
1974 2636 2250 2688 accedens

303 2724 679 2794 praesentiam
721 2723 891 2792 juxta
929 2724 1301 2792 praemissam
1341 2741 1500 2776 suam
1540 2725 1861 2792 primariam
1914 2723 2247 2793 propositio⁶

300 2831 426 2877 nem
469 2830 541 2864 ex
579 2820 742 2880 parte
783 2812 1053 2864 dictorum
1093 2812 1244 2865 Petri
1299 2820 1355 2864 et
1400 2811 1632 2864 Joannis
1682 2811 1919 2864 filiorum
1958 2810 2247 2880 Stephani,
2332 2842 2339 2847 -

301 2919 370 2953 ac
410 2899 703 2952 Michaelis
742 2900 957 2951 Fratris
996 2900 1175 2968 ipsius
1213 2900 1448 2953 Dionisii
1486 2899 1609 2955 Filii
1648 2899 1800 2955 Belie
1844 2898 2140 2968 judicium,
2194 2907 2248 2950 et

289 2971 565 3058 justitiam
619 2987 720 3044 sibi
771 2988 889 3038 dari
929 2987 1346 3055 postulaverat,
1389 2987 1726 3056 aequitatem
1771 3018 1832 3023 —-
1878 2986 2074 3056 quibus
2119 3002 2246 3054 per·

299 3077 476 3145 ceptis
517 3075 737 3139 PetruS,
778 3083 832 3125 et
871 3074 1157 3127 Johannes
1196 3075 1318 3127 Filii
1357 3074 1646 3144 Stephani,
1689 3083 1743 3126 et
1780 3073 2022 3130 Michael
2050 3073 2247 3126 Frater

298 3164 427 3216 dicti
453 3162 687 3216 Dionisii
716 3162 1090 3232 personaliter
1118 3165 1443 3234 exurgendo
1475 3165 1883 3236 responderant
1907 3161 2014 3216 isto
2050 3162 2242 3216 modoz

306 3344 489 3351 -—-.....-..

450 3441 490 3499 ²)
518 3442 713 3489 Plurima
760 3451 937 3488 exstant
975 3443 1389 3504 congregationum
1438 3444 1694 3503 hujusmodi
1742 3441 2036 3494 Posoniensi,
2083 3441 2239 3486 Moso-

296 3514 535 3571 niensique
565 3515 806 3560 Comitatui
836 3517 968 3561 simul
997 3517 1265 3563 indictarum
1296 3518 1350 3562 de
1380 3531 1474 3562 sec.
1503 3518 1609 3562 XIV.
1638 3517 1868 3577 exempla.
