2358 3874
306 202 468 256 XXX

301 335 422 386 Nos
460 335 645 402 itaque
688 330 855 400 justis
896 338 951 381 et
989 329 1250 399 legitimis
1290 330 1656 397 peticionibus
1696 333 1981 400 praedicte
2025 335 2242 387 domine

303 421 524 473 Kathus
568 419 676 472 filie
716 417 876 470 Pauli
927 416 1311 469 favorabiliter
1365 417 1611 470 inclinati
1663 427 1910 472 tenorem
1974 421 2239 474 dictarum

302 509 610 560 litterarum
653 505 885 575 predicti
911 503 1140 556 Comitis
1169 505 1383 557 Nicolai
1427 507 1494 557 de
1532 507 1705 559 verbo
1746 509 1816 558 ad
1858 510 2087 561 verbum
2118 526 2242 578 pre-

303 597 553 648 sentibus
580 594 799 646 Nostris
830 593 1026 645 litteris
1056 593 1371 660 patentibus
1404 594 1730 646 transscribi
1770 603 1824 646 et
1850 598 2244 665 transsumpmi

302 683 560 736 faciendo
590 681 931 750 appensione
959 680 1135 732 nostri
1173 680 1342 750 sigilli
1368 681 1543 732 eidem
1579 683 1832 743 duximus
1859 686 2244 737 concedendas

302 771 503 822 Datum
558 770 609 820 in
651 767 845 838 vigilia
897 767 1025 819 festi
1078 768 1224 821 beati
1264 767 1475 821 Thome
1524 768 1783 837 Apostoli
1821 768 1985 823 Anno
2025 770 2244 825 Domini

303 857 454 909 Mmo
495 855 726 909 CCCmo
766 855 1086 909 LXXXmo.

999 1106 1023 1112 ...
1050 1107 1148 1113 ffl*„r,
1164 1106 1554 1113 rmu-

1195 1300 1338 1371 IX.

303 1478 621 1541 Sententia
662 1477 903 1540 Nicolai
951 1476 1022 1539 de
1056 1479 1221 1540 Gara
1255 1476 1516 1540 Palatini
1563 1500 1746 1565 super
1789 1479 1981 1542 terris
2007 1481 2246 1543 Zantou

304 1605 364 1655 et
410 1592 554 1654 Vek
610 1615 717 1678 per
774 1590 1125 1654 Ladislaum
1173 1593 1283 1654 lv.
1331 1591 1685 1676 quibusdam
1741 1579 2141 1656 Thavernicis
2175 1607 2247 1660 vet

302 1706 607 1793 Dapiferis
658 1706 786 1768 suis
833 1706 1067 1781 collata,
1117 1728 1367 1790 quorum
1414 1728 1448 1767 a
1479 1706 1744 1791 posteris
1778 1706 2047 1784 eaedem,
2079 1708 2246 1771 velut

372 1845 490 1885 non
537 1845 607 1884 eo
663 1844 777 1906 quo
826 1819 1086 1882 Nobiles
1133 1819 1290 1882 bona
1335 1832 1638 1897 tenerent,
1677 1824 1816 1907 jure
1859 1824 2184 1908 impetrare

855 1934 1271 2020 abjudicantur
1317 1959 1368 1997 a.
1417 1943 1584 1999 1376
1619 1942 1683 2016 1).

450 2184 568 2236 Nos
595 2181 862 2235 Nicolaus
902 2183 968 2233 de
998 2181 1155 2233 Gara
1193 2181 1382 2253 Regni
1414 2181 1701 2252 Hungarie
1742 2182 2029 2235 Palatinus
2070 2182 2245 2234 et-Ju-

303 2275 411 2325 dex
445 2272 817 2324 Cumanorum
857 2269 1130 2322 Memorie
1171 2272 1624 2323 commendantes
1671 2281 1863 2322 tenore
1903 2272 2246 2339 presentium

303 2360 681 2431 significamus
709 2359 906 2428 quibus
934 2358 1157 2426 expedit
1182 2359 1476 2423 universiS,
1512 2358 1675 2418 Quod
1700 2358 1755 2410 in
1783 2356 2247 2429 congregacione

302 2458 495 2501 nostra
537 2446 786 2517 generali
825 2445 1106 2516 magnifici
1147 2446 1267 2498 Viri
1306 2446 1523 2499 Domini
1564 2446 1801 2498 Emerici

303 2535 668 2589 Universitati
705 2533 966 2586 nobilium
1009 2532 1316 2586 Comitatus
1356 2534 1619 2587 Albensis
1657 2534 1823 2587 Feria
1872 2534 2117 2587 secunda
2166 2534 2245 2587 vi-

304 2625 502 2677 delicet
540 2624 592 2675 in
636 2623 852 2675 octavis
903 2621 1030 2673 festi
1085 2623 1234 2674 beati
1274 2621 1503 2693 Georgij
1542 2621 1811 2691 Martyris
1863 2622 1922 2674 ln
1964 2636 2110 2674 anno
2150 2622 2244 2674 do·-

304 2714 433 2765 mini
472 2712 570 2764 Mo
600 2710 831 2763 CCCmo
873 2709 1307 2780 Septuagesimo
1349 2711 1562 2770 Quarto
1607 2727 1781 2779 prope
1821 2709 2113 2762 Civitatem
2148 2707 2245 2759 Al-

305 2802 533 2853 bensem
572 2817 676 2868 per
712 2799 895 2867 ipsum
937 2798 1219 2850 celebrata
1258 2798 1534 2868 Magister
1575 2797 1842 2850 Nicolaus
1881 2796 2024 2848 filius
2049 2794 2246 2847 Lachk

306 2890 373 2940 de
413 2889 629 2939 Zantou
668 2889 735 2939 de
775 2887 952 2938 medio
991 2886 1375 2938 universorum
1415 2886 1739 2955 exurgendo
2045 2883 2247 2936 domini

304 2976 543 3028 Emerici
583 2974 816 3043 palatini
856 2975 1054 3025 exinde
1095 2973 1365 3026 confectis
1787 2989 1854 3024 eo
1895 2973 2058 3023 modo
2099 2972 2243 3041 quod

303 3065 555 3117 dominus
593 3072 785 3116 noster
823 3080 952 3126 reX,
1003 3063 1277 3131 quandam
1320 3061 1733 3129 possessionem
1774 3077 1936 3111 suam
1978 3059 2244 3112 Taverni-

303 3153 482 3205 calem
521 3151 736 3204 Zantou
789 3149 898 3202 alio
948 3149 1165 3201 nominc
1216 3148 1532 3201 Isouteleke
1573 3157 1832 3201 vocatam
1884 3148 1937 3200 in
1992 3147 2242 3215 predicto

303 3239 578 3291 Comitatu
619 3237 850 3290 Albensi
891 3237 1215 3289 existentem
1272 3254 1448 3304 prope
1489 3235 1728 3289 Insulam
1773 3251 2037 3306 magnam
2090 3234 2242 3287 adia-

361 3398 366 3400 ,
375 3398 382 3400 e
392 3396 454 3400 4-
471 3395 719 3402 .4—--„—-.·-§-—2

461 3494 493 3547 ¹)
524 3492 580 3535 Ex
613 3491 911 3535 Colloctaneis
941 3491 1028 3540 ΒΕ.
1064 3492 1110 3534 l).
1142 3491 1271 3536 Mich.
1307 3490 1499 3535 liorvzith
1524 3489 1614 3546 jam
1647 3489 1807 3547 Praep.
1839 3486 2022 3532 Hntvant
