2280 3918
1935 215 2015 269 43

963 362 1004 437 g
1049 363 1148 419 26.

876 511 1251 577 comparatiS.

272 679 446 762 Lege
500 698 547 736 s.
586 671 735 737 Lad.
775 671 834 734 in
873 668 1159 733 adulterio
1209 692 1424 732 uxores
1475 666 1873 756 deprehensas
1912 671 2016 754 jus

107 762 217 826 fuit
251 760 483 824 maritis
511 781 742 823 necare.
773 763 819 837 1)
864 755 1064 819 Nimis
1098 777 1267 839 quam
1301 754 1495 840 prisce
1535 753 1757 817 sentire
1795 751 2016 831 videar,

106 847 159 910 si
215 847 275 909 in
322 846 435 908 hac
491 842 780 907 laudanda
824 841 1046 903 multus
1093 839 1219 901 sim.
1292 843 1552 902 Tantum
1606 839 1804 924 itaque
1863 837 2016 901 dico:

107 956 255 1014 quae
298 932 367 994 de
406 933 541 1016 lege
583 928 694 991 hac
722 926 974 1002 Romuli,
1025 925 1256 988 Gellius
1290 925 1490 988 verbis
1523 929 1606 987 M.
1643 923 1887 987 Catonis
1924 948 2016 986 re-

108 1019 242 1094 fert,
272 1025 322 1097 2)
368 1018 599 1103 placere
635 1011 776 1074 mihi
817 1010 1211 1075 vehementer.

372 1138 610 1147 -μ-

285 1204 327 1263 1)
370 1200 478 1249 Lib.
511 1199 551 1249 I.
586 1215 694 1265 cap.
735 1194 829 1267 13..

285 1288 331 1347 2)
375 1285 517 1335 Noct.
550 1284 646 1335 Att,
678 1283 712 1334 l.
745 1284 804 1334 X.
839 1300 882 1334 0.
921 1280 1017 1334 23.

968 1481 1009 1557 §
1055 1484 1153 1540 27.

621 1635 699 1685 De
746 1633 1074 1699 sepulchro
1121 1632 1168 1683 d.
1215 1631 1492 1683 Ladislai.

275 1797 442 1860 Haec
478 1794 549 1858 de
573 1793 624 1858 d.
646 1793 929 1857 Ladislao
965 1792 1099 1855 dum
1127 1792 1283 1856 inter
1312 1793 1594 1856 mortales
1622 1804 1854 1878 ageret3
1886 1806 2014 1857 tan-

106 1895 231 1946 tum
275 1881 428 1944 enim
473 1884 631 1944 inter
662 1879 820 1943 hunc
857 1891 916 1941 et
953 1879 1268 1965 plerosque
1308 1877 1455 1942 alios
1495 1881 1697 1963 Reges
1742 1876 2013 1956 interest,

104 1980 169 2030 ut
204 1965 414 2030 horum
446 1966 626 2028 vitam
658 1966 848 2028 solum
888 1986 1070 2026 nosse
1099 1963 1366 2026 Instituti
1396 1963 1570 2050 hujus
1604 1963 1846 2035 referat;
1894 1967 2012 2026 La-

105 2051 274 2116 dislai
324 2075 398 2115 ne
439 2049 817 2137 sepulchrum
874 2047 1104 2135 quidem
1165 2048 1488 2135 praeterire
1543 2048 1777 2111 silentio
1822 2049 2010 2112 liceat.

105 2137 268 2201 Obiit
305 2136 358 2198 is
391 2139 628 2199 XXIX.
661 2135 810 2199 Julii
846 2140 1030 2211 1095,
1076 2157 1192 2196 non
1225 2134 1353 2196 sine
1389 2136 1637 2196 maximo
1669 2133 2011 2220 Principum

106 2221 572 2285 Christianorum
604 2222 784 2298 lucta,
824 2219 920 2306 qui
955 2243 1086 2282 eum
1115 2219 1187 2281 ob
1212 2218 1744 2305 praeclarissimam
1773 2219 2011 2282 virtutis

101 2307 346 2371 bellicae
397 2308 643 2383 samam,
723 2328 895 2368 cruce
961 2304 1183 2390 signati
1241 2305 1537 2368 exercitus
1590 2309 2013 2392 Imperatorem

102 2394 296 2479 paullo
342 2405 478 2455 ante
522 2391 934 2478 designarant3
991 2389 1142 2453 domi
1187 2414 1328 2453 vero
1367 2403 1532 2454 tanto
1581 2391 1674 2452 sui
1721 2389 2011 2453 desiderio

103 2477 337 2555 relicto,
382 2491 448 2540 ut
478 2501 607 2538 cum
641 2500 811 2540 nemo
844 2500 998 2538 unus
1029 2479 1215 2539 Pater
1242 2475 1729 2563 obsequentiores
1770 2476 2024 2553 liherOS,

105 2586 172 2625 ac
203 2563 302 2625 ille
335 2563 611 2649 populum
642 2562 979 2624 universum
1009 2559 1275 2638 haberet,
1323 2585 1495 2647 quam
1527 2563 1855 2646 flagranter
1882 2565 2010 2647 ipse

105 2647 249 2733 egit,
287 2661 352 2710 ut
377 2648 428 2710 d.
456 2646 761 2733 Stephano
786 2647 843 2708 in
861 2669 1163 2708 numerum
1187 2660 1523 2709 sanctorum
1546 2648 1733 2709 relato
1757 2646 2008 2709 virtutes

105 2738 232 2819 ejus
269 2733 327 2794 in
364 2731 784 2796 conscientiam
823 2730 984 2794 orbis
1022 2744 1313 2794 terrarum
1338 2733 1715 2804 efferrentur3
1742 2743 1860 2793 tam
1905 2732 2008 2793 im-

104 2841 287 2905 pense
314 2817 519 2882 deinde
557 2817 995 2892 contenderent,
1036 2815 1234 2902 quiqui
1260 2817 1491 2880 nomine
1521 2816 2009 2903 hungaricocen-

0 2908 3 2924 ²
106 2916 400 2981 serentur,
450 2927 672 2980 omneS,
717 2916 782 2966 ut
828 2902 947 2965 aris
978 2902 1322 2964 Ladislaum
1350 2902 1700 2988 templisque
1726 2900 1917 2966 colere
1950 2916 2008 2966 et

104 3000 399 3073 tamquam
455 2989 702 3051 alterum
746 2988 1015 3074 publicae
1066 2987 1276 3050 salutis
1331 2989 1690 3051 Praestitem
1733 2988 2008 3052 invocare

0 3083 5 3130 ἰ
103 3073 259 3136 bello
289 3086 552 3159 possent.
597 3075 898 3137 Vexillum
929 3076 1055 3159 ejus
1086 3072 1330 3135 rubrum
1355 3073 1510 3136 inter
1543 3073 1806 3137 clenodia
1834 3075 2006 3159 regni

0 3181 1 3184 ¹
43 3157 45 3159 ’
115 3158 307 3220 Albae
345 3158 688 3244 repositum,
717 3166 764 3239 1)
812 3171 870 3222 et
899 3158 996 3244 qui
1026 3158 1177 3245 apud
1203 3161 1502 3222 Romanos
1529 3160 1830 3223 columnae
1859 3158 2006 3222 Julii

286 3360 326 3418 ¹)
373 3358 442 3410 De
476 3374 573 3422 quo
605 3358 757 3407 Thur.
797 3359 857 3408 ΙΙ.
901 3375 943 3408 0.
1001 3355 1077 3407 57
1124 3358 1309 3421 primus
1348 3358 1516 3406 vexillo
1554 3358 1730 3408 rubro
1769 3359 2002 3424 impetum

106 3443 218 3492 fecit
247 3443 293 3492 in
327 3448 483 3493 castra
517 3443 784 3493 Cunorum.
