2358 3874
1994 260 2077 316 97

1012 432 1054 507 ς
1098 435 1197 490 4ο.

142 582 310 640 Quod
354 582 404 635 is
450 581 507 631 in
539 581 832 632 Dalmatia
878 579 1071 630 edidit
1107 580 1560 630 munificentiae
1606 595 1821 644 genuS‚
1865 586 1928 629 ut
1960 580 2076 629 Co·-

139 666 411 717 mitatum
466 667 536 715 de
588 666 837 715 Modrus
881 664 1347 715 Bartholomaeo
1418 664 1488 713 de
1550 664 1753 728 Veglia
1808 664 2072 728 petenti,

543 765 706 799 more
751 749 899 799 italo
944 749 1006 798 in
1052 748 1297 798 feudum
1343 749 1678 808 conferret3

309 905 698 971 Consuetudo
728 928 943 992 agrum
973 905 1035 967 in
1063 905 1300 968 feudum
1330 905 1672 969 conferendi
1706 906 1861 994 apud
1886 909 2076 971 Italos

139 991 277 1054 olim
315 991 510 1078 coepit
544 999 622 1071 ι);
673 989 823 1077 apud
869 994 1202 1075 Hungaros
1242 991 1394 1064 Bela
1424 994 1533 1051 ΙΙΙ.
1576 993 1746 1076 Rege
1785 991 1847 1053 in
1893 991 2075 1077 parti-

136 1075 252 1138 bus
284 1075 638 1138 Dalmaticis
671 1075 882 1139 ltaliae
922 1074 1225 1160 proximis,
1272 1078 1529 1137 Terram
1569 1075 1666 1135 ille
1710 1088 1897 1138 totam
1943 1099 2103 1161 per-‚

136 1159 424 1223 tinentem
471 1159 546 1223 ad
578 1159 939 1223 Comitatum
976 1157 1232 1221 Modrus
1273 1171 1399 1221 tum
1442 1159 1502 1220 in
1537 1159 1862 1244 praemium
1902 1159 2077 1223 meri·

138 1257 353 1318 torum,
390 1255 514 1306 tum
554 1268 697 1307 vero
733 1256 800 1307 ut
843 1243 1156 1306 securitati
1201 1243 1459 1329 partium
1494 1242 1922 1306 maritimarum
1962 1244 2077 1307 hoc

136 1329 476 1391 consuleret
508 1328 828 1414 praesidio,
861 1335 1094 1391 a.1193
1122 1328 1339 1390 Comiti
1371 1326 1833 1391 Bartholomaeo
1859 1328 1930 1391 de
1950 1332 2075 1391 Ve-

137 1411 261 1498 glia
295 1419 346 1491 2)
387 1413 637 1475 contulit
692 1415 873 1498 „jure
913 1410 1310 1474 haereditario
1353 1411 1660 1498 perpetuis
1704 1412 2076 1498 temporibus

135 1495 552 1583 possidendam
610 1519 691 1559 ea
740 1497 1102 1582 pactione,
1157 1508 1223 1558 ut
1270 1495 1324 1557 is
1375 1497 1594 1558 Comes
1649 1495 1805 1558 infra
1856 1498 2076 1559 limites

136 1581 310 1665 regni
357 1603 488 1642 cum
541 1580 744 1644 decem
791 1578 992 1643 loricis
1040 1579 1100 1641 in
1154 1579 1699 1667 compensationem
1753 1583 2075 1678 suscepti

137 1664 472 1727 beneficii
506 1665 663 1750 Regi
695 1665 975 1740 assistat,
1015 1676 1186 1727 extra
1224 1688 1482 1750 regnum
1521 1687 1665 1727 vero
1707 1687 1838 1727 cum
1871 1666 2076 1728 lorlcis

182 1761 398 1811 uatuor
446 1748 500 1810 ei
545 1753 785 1812 serviat.
833 1748 902 1810 Si
937 1750 1154 1811 Comes
1195 1748 1368 1824 idem,
1414 1749 1576 1811 nulla
1611 1749 1820 1811 relicta
1870 1750 2077 1813 sobole

137 1772 484 1909 decederet,
524 1856 680 1895 unus
732 1857 807 1896 ex
850 1832 989 1894 filiis
1033 1833 1285 1895 fratrum
1328 1833 1521 1918 ipsius
1574 1833 1810 1896 eodem
1862 1847 2076 1920 pacto

136 1917 632 1980 conventionis
673 1917 1029 1993 observat0‚
1079 1917 1191 1979 sub
1233 1918 1464 2002 Regiae
1491 1917 1856 1980 Serenitatis
1895 1917 2079 1981 domi-

137 2013 283 2065 natu
315 2001 638 2087 tranquille
659 2014 884 2065 terram
911 2024 1039 2065 eam
1061 2001 1371 2087 possideat
1393 2014 1451 2064 et
1480 2001 1736 2086 quiete“.
1763 2005 2076 2080 Pactum,

139 2082 551 2163 conventio,
602 2086 1067 2162 beneficium,
1127 2088 1296 2170 cujus
1342 2085 1514 2148 titulo
1562 2088 1782 2148 Comes
1820 2087 2076 2150 Bartho-

137 2171 400 2234 lomaeus
446 2170 518 2233 de
560 2170 789 2256 Veglia
825 2170 1050 2246 ItaluS,
1104 2180 1331 2231 terram
1374 2169 1631 2232 Modrus
1676 2171 1761 2232 ita
1807 2170 1923 2232 sibi
1967 2193 2078 2256 per

137 2254 393 2340 gratiam
434 2254 625 2340 Regis
661 2254 918 2318 conferri
954 2254 1300 2340 postulavit,
1334 2267 1402 2317 ut
1434 2253 1722 2316 directum
1763 2252 1941 2340 hujus
1973 2256 2076 2318 do-

135 2339 376 2401 minium
439 2362 619 2425 porro
670 2361 914 2425 quoque
950 2360 1136 2424 penes
1178 2339 1386 2401 Belam
1416 2341 1526 2399 111.
1578 2350 1638 2400 et
1681 2341 1812 2422 ejus
1837 2362 2075 2403 succes-

138 2447 310 2487 sores
335 2424 642 2498 existeret,
676 2446 711 2485 a
743 2425 881 2508 jure
925 2422 1334 2509 proprietatis,
1372 2445 1487 2507 quo
1517 2422 1775 2484 Nobiles
1823 2427 2075 2509 Hunga-

137 2508 294 2583 riae,
347 2519 543 2570 terras
591 2505 1140 2582 descensualeS,
1193 2519 1296 2569 aut
1348 2529 1382 2568 a
1439 2506 1572 2568 divo
1606 2505 1914 2592 Stephano
1959 2508 2077 2570 sihi

141 2592 390 2655 collatas
425 2602 783 2667 tenuerunt,
820 2589 980 2653 haud
1019 2590 1310 2653 modicum
1349 2590 1563 2653 differt.

325 2854 367 2913 1)
398 2851 576 2917 Meyer,
611 2853 797 2904 Hallam
830 2862 926 2905 cet.

317 2968 367 3026 2)
397 2966 718 3032 Frangepano
749 2969 911 3033 vulgo.
947 2969 1089 3027 Quod
1116 2983 1297 3019 nomen
1323 2967 1555 3018 Richtero
1587 2962 1722 3036 (vide
1747 2966 1814 3015 sis
1834 2964 2077 3031 Hormayr

142 3048 330 3098 Archiv.
364 3057 459 3099 cet.
494 3051 555 3100 ad
585 3067 629 3100 a.
665 3047 826 3101 1824
858 3069 909 3117 p.
945 3047 1096 3121 245)
1130 3052 1425 3118 „germanis
1455 3052 1703 3111 Freiherr,
1737 3051 1858 3099 oder
1887 3049 2076 3100 franki-

145 3132 292 3181 scher
321 3133 450 3181 Herr
475 3133 572 3182 hoc
604 3149 754 3185 sensu
786 3136 964 3186 colitur
993 3137 1124 3186 circa
1155 3137 1316 3186 sinum
1342 3137 1491 3185 maris
1515 3135 1796 3184 flanaticum
1821 3140 1870 3182 et
1889 3148 2074 3182 secun-

145 3216 259 3265 dum
292 3213 847 3268 vetustissimum'MSS.
889 3219 978 3280 (ita
1014 3220 1143 3269 idem
1177 3220 1464 3279 Richterus)
1498 3218 1742 3268 Comitem
1776 3217 1891 3265 olim
1924 3223 2072 3265 nota-

146 3299 243 3358 bat,
285 3307 332 3348 et
370 3300 728 3365 Frangispanes
767 3302 929 3365 prisca
966 3302 1130 3366 lingua
1169 3302 1316 3351 Graffi
1362 3315 1558 3365 quoque
1598 3300 1955 3350 dicebantur“.
2000 3327 2064 3334 --

147 3382 285 3438 Quod
319 3383 548 3447 equidem
581 3384 758 3443 refero,
792 3398 892 3434 non
924 3386 1134 3434 affirmo.

7 3604 17 3676 ς
221 3607 431 3655 BARTAL
470 3609 521 3657 r.
560 3610 616 3657 11.
1561 3597 1595 3647 ’1

11 3753 15 3796 1

13 3798 21 3874 ’ἦ
