2358 3874
1956 208 2082 267 205

153 375 242 426 per
270 373 444 409 manus
474 355 703 406 Matthiae
742 353 926 405 Notarii
965 353 1043 404 sui
1079 353 1256 416 edidit;
1290 352 1584 404 Laurentius
1623 368 1668 404 a.
1709 351 1869 405 1268
1900 356 2083 408 Proto-

154 443 395 493 notarium
436 440 607 491 habuit
654 439 996 489 Sebastianum
1046 438 1352 489 Canonicum
1391 437 1680 501 Albensem3
1734 437 1985 491 Omodeus
2032 457 2077 491 a.

157 524 315 577 1295
354 525 640 590 Magistrum
690 523 1033 588 Stephanum;
1082 523 1257 572 Petrus
1299 522 1533 587 Magister
1569 523 1986 574 Thavernicorum
2033 541 2078 574 a.

156 607 309 661 1281
345 609 632 674 Magistrum
662 608 949 658 Michaelem
989 613 1085 656 cet.
1147 606 1209 656 Hi
1246 606 1297 656 in
1327 607 1676 657 vetustioribus
1708 607 1903 658 Chartis
1935 609 2081 659 etiam

149 695 294 744 Aulae
323 694 502 759 Regiae
532 693 742 742 Notarii:
790 692 944 740 immo
985 705 1099 739 vero
1133 691 1299 740 seculo
1333 691 1479 741 etiam
1508 691 1628 741 XVI.
1662 690 1808 742 Petro
1849 708 1875 742 e
1909 693 2082 743 Comi-

148 779 278 830 tibus
310 779 370 829 de
402 794 444 827 S.
472 777 683 842 Georgio
712 775 873 826 Judici
905 774 1080 825 Curiae
1110 774 1290 838 Regiae
1320 774 1620 826 Benedictus
1651 777 1711 826 de
1742 777 2081 847 Zenth-Maria
2189 807 2194 819 ι

150 863 268 927 styli
299 863 375 912 sui
405 861 651 920 NotariuS‚
683 860 914 910 Nicolaus
945 859 1005 908 de
1039 858 1182 907 Galsa
1212 859 1418 909 minoris
1438 859 1768 910 cancellariae
1798 861 1997 929 Regiae,
2032 869 2081 912 et

150 947 345 997 Gabriel
376 947 435 996 de
469 945 779 995 Orechovecz
819 943 936 1008 Styli
966 942 1242 1007 palatinalis
1272 942 1503 993 Notarius
1543 945 1673 1008 apud
1703 945 1890 996 Katona
1921 947 1983 996 H.
2020 947 2076 996 C.

43 1074 50 1079 .
148 1032 206 1080 Τ.
245 1027 340 1080 18.
374 1047 425 1094 p.
462 1027 582 1079 282
634 1028 940 1089 scribuntur3
981 1027 1173 1091 hosque
1212 1026 1454 1091 significat
1490 1027 1610 1076 illud
1649 1029 1794 1078 etiam
1834 1031 2079 1094 antiquis—

150 1116 331 1165 simum
364 1115 546 1179 Geyzae
576 1113 638 1163 ΙΙ.
671 1113 721 1162 in
751 1112 822 1161 lit.
856 1112 917 1161 de
947 1127 992 1161 a.
1025 1106 1185 1160 1145
1220 1111 1484 1172 „Joannes
1515 1116 1564 1160 et
1593 1110 1735 1162 multi
1764 1113 1844 1164 alii
1874 1114 2076 1175 Notarii‚

64 1197 68 1205 '
148 1199 229 1263 qui
262 1213 436 1249 omnes
465 1204 583 1248 tunc
613 1195 942 1263 personaliter
969 1195 1172 1246 aderant
1199 1195 1250 1246 in
1283 1194 1430 1246 Curia
1459 1199 1690 1248 nostra.“

1019 1473 1064 1549 5
1106 1476 1207 1533 34.

148 1626 223 1676 ne
280 1600 454 1691 plena
511 1624 690 1690 Regis
737 1623 919 1674 Curia
974 1630 1031 1672 et
1080 1623 1284 1672 literis
1338 1622 1546 1689 hujus,
1613 1640 1763 1691 quae
1817 1625 2080 1677 senten-

687 1708 952 1758 tionales
996 1707 1174 1772 vulgo
1222 1707 1524 1759 dicuntur.

322 1871 590 1943 Causae,
634 1890 786 1963 quae
835 1879 1007 1929 erant
1037 1865 1269 1928 altioris
1318 1865 1488 1927 sinus
1540 1879 1599 1930 et
1642 1891 1750 1954 pro
1782 1881 2079 1932 momento

146 1977 253 2017 suo
284 1953 493 2040 plenae
524 1954 744 2014 Curiae
775 1950 1100 2036 exigebant
1129 1949 1454 2035 judicium,
1500 1950 1574 2013 ad
1606 1950 1787 2029 hanc,
1838 1965 1898 2016 et
1929 1976 2082 2038 quae

146 2037 324 2124 hujus
374 2035 528 2123 apud
568 2048 807 2098 veteres
854 2048 1024 2097 erant
1074 2035 1340 2096 nomina:
1392 2035 1883 2114 Audientiam‚
1933 2042 2079 2100 Au—

146 2121 502 2196 ditorium,
548 2119 1074 2183 consistorium
1116 2119 1369 2203 Regis,
1419 2117 1888 2198 deducebantur,
1939 2120 2081 2183 deli-

147 2207 387 2269 beratae
415 2204 554 2267 istic
578 2203 1002 2290 praesentibus
1050 2212 1185 2287 (pro
1225 2225 1389 2265 more
1435 2207 1564 2288 ejus
1611 2205 1858 2284 aetatis)
1890 2206 2080 2269 tribu-

145 2291 298 2353 nalis
338 2312 571 2375 quoque
603 2288 758 2350 Vice
786 2287 1066 2350 Judicum
1100 2285 1318 2350 Curiae
1355 2289 1786 2351 commembris
1831 2293 1911 2353 Et
1951 2290 2079 2375 qui-

145 2374 275 2438 dem
305 2374 554 2437 Andrea
585 2375 693 2434 111.
733 2374 903 2456 Rege
942 2370 1294 2433 Sententiae
1342 2393 1575 2458 quoque
1618 2374 1828 2458 plenae
1860 2375 2079 2437 Curiae

144 2482 263 2522 non
292 2462 417 2543 jam
467 2457 657 2519 forma
705 2468 935 2518 tantum
978 2454 1291 2540 Privilegii
1349 2479 1542 2541 usque
1596 2457 1788 2520 adhuc
1833 2459 2077 2536 usitata,

146 2542 254 2605 sed
292 2565 401 2628 per
439 2541 719 2604 solennes
761 2562 995 2625 quoque
1027 2539 1420 2603 Praesentiae
1450 2541 1680 2626 Regiae
1718 2542 1925 2606 literas
1957 2543 2078 2606 edi-

143 2638 242 2690 tae
274 2638 415 2689 sunt
442 2631 507 2705 1).

325 2892 367 2951 1)
399 2889 678 2954 Stephanus
708 2890 820 2939 Vice
842 2889 870 2938 J
876 2890 999 2940 udex
1019 2889 1193 2940 Curiae
1213 2889 1391 2956 Regiae
1425 2929 1459 2952 „
1477 2890 1589 2956 quia
1611 2890 1867 2955 negotium
1891 2891 2075 2955 grande

145 2981 264 3035 erat,
296 2974 454 3038 ipsam
486 2988 685 3022 causam
717 2974 778 3022 ad
809 2975 1137 3038 praesentiam
1163 2974 1220 3023 D.
1243 2975 1463 3024 Andreae
1483 2975 1630 3039 Regis
1662 2974 1951 3024 deduximus
1984 2976 2075 3024 de—

145 3058 509 3107 cernendam“.
558 3057 649 3105 Hic
687 3072 800 3107 cum
833 3057 1024 3107 Comite
1056 3059 1116 3107 de
1148 3058 1372 3122 Zolyom‚
1407 3059 1639 3124 aliisque,
1672 3059 1781 3123 ipso
1812 3059 1929 3107 item
1961 3059 2072 3106 Vice

143 3141 310 3190 Judice
343 3140 517 3190 Curiae
547 3139 644 3188 hoc
678 3148 775 3200 „et
803 3140 1057 3191 Nobilibus
1095 3157 1240 3206 quam
1270 3143 1548 3206 pluribus“
1581 3142 1784 3205 (ceteris
1815 3140 2071 3189 tribunalis

143 3224 289 3290 hujus
320 3222 694 3284 commembris)
720 3223 1021 3273 Sententiam
1053 3226 1165 3284 fert,
1199 3226 1258 3274 de
1292 3240 1389 3289 qua
1418 3226 1585 3275 literas
1609 3231 1763 3275 testes
1781 3224 1894 3273 Vice
1912 3223 2071 3272 Judex

145 3307 318 3358 Curiae
349 3308 465 3358 edit.
515 3306 571 3356 C.
603 3305 663 3356 D.
698 3306 774 3356 vl.
810 3304 865 3356 2.
899 3322 951 3371 p.
988 3304 1128 3356 290.
