2358 3874
296 212 527 266 XXVlll

296 361 406 397 uno
445 343 570 396 loco
610 342 903 396 sessionali
931 343 1183 394 undecim
1200 343 1408 412 jugera
1435 350 1711 394 terrarum
1736 352 1961 412 reperta
1988 345 2227 396 exstitise

297 440 440 496 sent,
481 440 721 499 excepta
769 440 949 482 tamen
984 430 1333 498 possionaria
1365 430 1621 498 portione
1643 430 1839 484 Dubur
1875 441 2081 485 vocata
2119 449 2229 484 em-

297 519 483 588 ptitia,
532 537 672 590 quas
709 519 762 571 in
803 520 943 570 duas
981 526 1174 586 partes
1213 517 1549 587 coaequales
1596 518 1929 572 divisissent.
1996 520 2233 589 Insuper

295 608 587 677 unicuique
626 606 774 675 parti
812 622 971 658 suam
1011 604 1235 658 Curiam
1277 622 1378 658 seu
1416 605 1752 670 sessionem,
1802 606 1879 659 ita
1925 624 2085 660 suam
2123 617 2230 661 ter-

297 712 414 747 ram
455 712 580 746 cum
620 694 691 745 ‘23
723 693 1020 764 jugeribus
1059 691 1363 745 Terrarum
1416 693 1743 746 statuissent
1790 703 2067 763 perpetuo
2101 712 2231 764 pos-

297 782 580 834 sidendam
621 783 911 833 tenendam
961 781 1173 849 pariter
1223 789 1279 832 et
1316 780 1649 834 habendam.
1708 781 1913 835 Datum
1971 783 2026 835 in
2063 783 2232 836 Festo

295 869 360 921 Β.
399 867 816 921 Bartholomaei
854 868 988 937 Apli
1026 867 1189 921 Anno
1230 867 1339 921 Dni
1383 868 1543 922 1352.
1584 870 1702 922 Nos
1739 870 1909 941 igitur
1947 869 2142 934 JustiS,
2181 879 2236 922 et

289 957 405 1029 juri
456 959 720 1010 consonis
773 956 1129 1026 petitionibus
1180 941 1428 1025 ipsorum
1469 956 1763 1010 Michaelis
1812 957 1909 1010 filii
1947 954 2132 1020 Belie,
2181 966 2238 1010 et

294 1046 511 1100 Nicolai
546 1045 935 1097 Procuratoris
970 1043 1210 1113 praefati
1234 1044 1388 1097 Petri
1407 1044 1531 1097 Filii
1571 1044 1842 1114 Stephani
1874 1045 2112 1116 benigne
2156 1046 2236 1099 in-

296 1136 484 1189 clinati
523 1133 907 1203 praescriptas
947 1133 1166 1185 litteras
1194 1133 1372 1202 ipsius
1404 1131 1647 1202 Capituli
1680 1133 2038 1187 posoniensis
2066 1150 2239 1203 super

297 1223 623 1293 praemissis
642 1221 802 1274 nobis
822 1221 1279 1289 rescriptionales
1292 1223 1360 1273 de
1382 1222 1557 1274 verbo
1579 1222 1651 1273 ad
1670 1223 1895 1274 verbum
1917 1221 2246 1285 transcribi,-

297 1310 794 1380 praesentibusque
832 1308 962 1360 Nris
990 1308 1308 1377 patentibus
1335 1308 1532 1360 litteris
1558 1309 1729 1361 inseri
1768 1308 2039 1362 facientes
2070 1326 2233 1379 prae-

299 1399 602 1470 allegatam
621 1396 1020 1450 Divisionalem
1052 1396 1510 1466 coaequationem
1553 1405 1607 1448 et
1631 1397 1985 1450 statutionem
2011 1413 2235 1465 posses·

300 1485 598 1539 sionariam
623 1485 676 1537 in
698 1484 920 1536 Litteris
954 1484 1251 1553 praelibati
1283 1483 1524 1553 Capituli
1545 1483 1838 1536 Ecclesiae
1860 1484 2238 1539 posoniensis·

301 1574 476 1626 Nobis
506 1574 668 1625 modo
695 1573 1008 1640 praemisso
1046 1581 1391 1641 reportatam
1419 1581 1797 1641 acceptamuS‚
1839 1575 2237 1642 approbanteS‚

303 1663 374 1714 ad
420 1660 915 1730 perpetualemque
956 1669 1373 1730 praetactarum
1418 1659 1778 1712 Divisionalis
1822 1661 2242 1730 coaequationis

301 1757 357 1801 et
376 1748 690 1801 statutionis
729 1747 1214 1816 possessionariae
1252 1746 1608 1800 stabilitatem
1646 1748 1787 1816 ipsis
1826 1747 2088 1801 Michaeli
2127 1747 2239 1802 filio

303 1836 457 1888 Belie
490 1845 546 1887 et
575 1836 743 1887 Petro
764 1834 875 1887 filio
898 1833 1167 1904 Stephani
1215 1843 1446 1904 psentes
1483 1844 1709 1888 nostras
1748 1843 2007 1904 patentes
2045 1835 2241 1889 literas

301 1925 556 1977 duximus
570 1925 973 1977 concedendas,
1015 1924 1220 1976 Datum
1248 1923 1441 1975 Budae
1474 1922 1763 1976 Sedecimo
1785 1925 1872 1977 die
1899 1921 2240 1978 O'ctavarum

303 2012 453 2065 Festi
480 2011 546 2063 B.
573 2011 754 2082 Regis
782 2010 1053 2080 Stephani
1078 2011 1491 2080 praedictarum
1520 2010 1683 2064 Anno
1710 2011 1929 2065 Domini
1970 2012 2112 2066 1352
2150 2030 2240 2066 su-

305 2098 494 2168 perius
534 2106 800 2151 annotato
823 2100 895 2168 4).

456 2308 498 2368 4)
525 2309 589 2354 Ex
615 2310 818 2357 authent.
850 2317 1103 2359 transumto
1134 2312 1276 2373 Capit.
1306 2313 1473 2358 Poson.

1162 2600 1394 2671 VIII.

307 2761 658 2846 Exemplum
692 2762 1000 2824 literarum
1019 2762 1474 2848 judiciariarum
1510 2763 1751 2826 Nicolai
1782 2763 2032 2827 Comitis
2062 2763 2267 2826 Vice?

414 2875 674 2936 Palatini
715 2875 1219 2963 Archi-Episcopi
1263 2876 1709 2963 Strigoniensis
1746 2876 1819 2939 de
1864 2899 1915 2938 a.
1952 2883 2135 2940 1345.

454 3056 572 3109 Nos
611 3056 923 3127 Capitulum
957 3058 1247 3111 Ecclesiae
1275 3058 1640 3111 Posoniensis
1665 3058 1929 3111 memorie
1969 3077 2243 3113 commcn-

309 3144 503 3195 damus
549 3162 653 3213 per
708 3154 1059 3213 praesenteS.
1134 3146 1293 3206 Quod
1341 3147 1562 3199 domina
1616 3145 1835 3199 Kathus
1884 3156 2088 3199 vocata
2133 3146 2244 3200 filia

311 3229 467 3282 Pauli
508 3233 574 3283 de
616 3232 830 3285 Pathon
869 3235 1052 3303 neptis
1081 3234 1331 3305 magistri
1358 3234 1642 3287 Benedicti
1668 3235 1736 3286 de
1767 3233 1992 3288 Beuche
2022 3234 2246 3288 samuth

310 3333 498 3369 coram
537 3319 710 3372 Nobis
750 3322 1120 3389 personaliter
1158 3324 1537 3391 comparendo
1579 3321 1824 3375 exhibuit
1861 3322 2036 3375 Nobis
2082 3338 2244 3392 quas·

311 3404 437 3454 dam
475 3404 690 3458 litteras
731 3416 986 3476 patentes
1026 3409 1288 3480 Magistri
1324 3409 1542 3462 Nicolai
1569 3394 1794 3462 Comitis
1832 3409 1972 3463 Vice
2007 3409 2246 3462 Palatini

312 3491 509 3542 domini
549 3491 721 3545 Archi
759 3495 1026 3564 Episcopi
1067 3496 1304 3550 ecclesie
1353 3497 1752 3567 Strigoniensis
1806 3498 1860 3550 in
1913 3496 2244 3566 pargamino
