<?xml version="1.0" encoding="UTF-8"?>
<!DOCTYPE html PUBLIC "-//W3C//DTD XHTML 1.0 Transitional//EN"
    "http://www.w3.org/TR/xhtml1/DTD/xhtml1-transitional.dtd">
<html xmlns="http://www.w3.org/1999/xhtml" xml:lang="en" lang="en">
 <head>
  <title>
</title>
<meta http-equiv="Content-Type" content="text/html;charset=utf-8" />
  <meta name='ocr-system' content='tesseract 3.04.00' />
  <meta name='ocr-capabilities' content='ocr_page ocr_carea ocr_par ocr_line ocrx_word'/>
</head>
<body>
  <div class='ocr_page' id='page_1' title='image "./commentariorumad02bart_0015.png"; bbox 0 0 2280 3918; ppageno 0'>
   <div class='ocr_carea' id='block_1_1' title="bbox 2003 235 2044 291">
    <p class='ocr_par' dir='ltr' id='par_1_1' title="bbox 2003 235 2044 291">
     <span class='ocr_line' id='line_1_1' title="bbox 2003 235 2044 291; baseline 0 0"><span class='ocrx_word' id='word_1_1' title='bbox 2003 235 2044 291; x_wconf 80' lang='lat'><strong>9</strong></span> 
     </span>
    </p>
   </div>
   <div class='ocr_carea' id='block_1_2' title="bbox 38 373 2055 2005">
    <p class='ocr_par' dir='ltr' id='par_1_2' title="bbox 38 373 2055 2005">
     <span class='ocr_line' id='line_1_2' title="bbox 128 373 2040 464; baseline -0.002 -26"><span class='ocrx_word' id='word_1_2' title='bbox 128 390 191 440; x_wconf 93' lang='lat' dir='ltr'>ut</span> <span class='ocrx_word' id='word_1_3' title='bbox 217 375 441 462; x_wconf 83' lang='lat' dir='ltr'>Populi</span> <span class='ocrx_word' id='word_1_4' title='bbox 470 389 641 464; x_wconf 86' lang='lat' dir='ltr'>pater</span> <span class='ocrx_word' id='word_1_5' title='bbox 668 375 854 453; x_wconf 75' lang='lat' dir='ltr'>(hu-nc</span> <span class='ocrx_word' id='word_1_6' title='bbox 883 377 1036 438; x_wconf 91' lang='lat' dir='ltr'>enim</span> <span class='ocrx_word' id='word_1_7' title='bbox 1064 379 1202 462; x_wconf 90' lang='lat' dir='ltr'>Apa</span> <span class='ocrx_word' id='word_1_8' title='bbox 1229 382 1279 455; x_wconf 73' lang='grc'>3)</span> <span class='ocrx_word' id='word_1_9' title='bbox 1313 374 1372 436; x_wconf 91' lang='lat' dir='ltr'>in</span> <span class='ocrx_word' id='word_1_10' title='bbox 1400 374 1717 437; x_wconf 87' lang='lat' dir='ltr'>vernaculo</span> <span class='ocrx_word' id='word_1_11' title='bbox 1755 373 1929 435; x_wconf 90' lang='lat' dir='ltr'>nobis</span> <span class='ocrx_word' id='word_1_12' title='bbox 1964 373 2040 434; x_wconf 91' lang='lat' dir='ltr'>si-</span> 
     </span>
     <span class='ocr_line' id='line_1_3' title="bbox 129 458 2042 549; baseline -0.002 -26"><span class='ocrx_word' id='word_1_13' title='bbox 129 461 405 548; x_wconf 85' lang='lat' dir='ltr'>gnificat)</span> <span class='ocrx_word' id='word_1_14' title='bbox 441 462 623 549; x_wconf 85' lang='lat' dir='ltr'>vulgo</span> <span class='ocrx_word' id='word_1_15' title='bbox 666 461 975 527; x_wconf 79' lang='lat' dir='ltr'>diceretur.</span> <span class='ocrx_word' id='word_1_16' title='bbox 1022 460 1287 534; x_wconf 77' lang='lat' dir='ltr'>CeteriS,</span> <span class='ocrx_word' id='word_1_17' title='bbox 1336 472 1398 522; x_wconf 89' lang='lat' dir='ltr'>ut</span> <span class='ocrx_word' id='word_1_18' title='bbox 1440 484 1554 522; x_wconf 89' lang='lat' dir='ltr'>non</span> <span class='ocrx_word' id='word_1_19' title='bbox 1584 459 1738 523; x_wconf 89' lang='lat' dir='ltr'>idem</span> <span class='ocrx_word' id='word_1_20' title='bbox 1769 458 2042 521; x_wconf 89' lang='lat' dir='ltr'>omnibus</span> 
     </span>
     <span class='ocr_line' id='line_1_4' title="bbox 124 545 2040 635; baseline -0.002 -28"><span class='ocrx_word' id='word_1_21' title='bbox 124 551 184 616; x_wconf 89' lang='lat' dir='ltr'>in</span> <span class='ocrx_word' id='word_1_22' title='bbox 218 546 556 633; x_wconf 81' lang='lat' dir='ltr'>Principem</span> <span class='ocrx_word' id='word_1_23' title='bbox 583 546 736 611; x_wconf 91' lang='lat' dir='ltr'>hanc</span> <span class='ocrx_word' id='word_1_24' title='bbox 757 551 1098 635; x_wconf 82' lang='lat' dir='ltr'>ingressum</span> <span class='ocrx_word' id='word_1_25' title='bbox 1131 545 1322 608; x_wconf 89' lang='lat' dir='ltr'>laudis</span> <span class='ocrx_word' id='word_1_26' title='bbox 1351 545 1503 608; x_wconf 87' lang='lat' dir='ltr'>viam</span> <span class='ocrx_word' id='word_1_27' title='bbox 1539 545 1796 622; x_wconf 86' lang='lat' dir='ltr'>animus,</span> <span class='ocrx_word' id='word_1_28' title='bbox 1842 558 2040 607; x_wconf 86' lang='lat' dir='ltr'>tamen</span> 
     </span>
     <span class='ocr_line' id='line_1_5' title="bbox 127 631 2043 719; baseline -0.002 -25"><span class='ocrx_word' id='word_1_29' title='bbox 127 654 256 694; x_wconf 91' lang='lat' dir='ltr'>cum</span> <span class='ocrx_word' id='word_1_30' title='bbox 305 631 704 719; x_wconf 86' lang='lat' dir='ltr'>providentia,</span> <span class='ocrx_word' id='word_1_31' title='bbox 763 632 1124 718; x_wconf 84' lang='lat' dir='ltr'>consilioque</span> <span class='ocrx_word' id='word_1_32' title='bbox 1163 632 1222 694; x_wconf 92' lang='lat' dir='ltr'>id</span> <span class='ocrx_word' id='word_1_33' title='bbox 1262 644 1663 718; x_wconf 82' lang='lat' dir='ltr'><strong>consequutus</strong></span> <span class='ocrx_word' id='word_1_34' title='bbox 1712 643 1915 706; x_wconf 88' lang='lat' dir='ltr'>esset,</span> <span class='ocrx_word' id='word_1_35' title='bbox 1944 710 1951 719; x_wconf 23' lang='grc' dir='ltr'><strong><em>ο</em></strong></span> <span class='ocrx_word' id='word_1_36' title='bbox 1978 641 2043 691; x_wconf 90' lang='lat' dir='ltr'>ut</span> 
     </span>
     <span class='ocr_line' id='line_1_6' title="bbox 121 715 2041 805; baseline -0.002 -26"><span class='ocrx_word' id='word_1_37' title='bbox 121 739 294 779; x_wconf 75' lang='lat' dir='ltr'>armav</span> <span class='ocrx_word' id='word_1_38' title='bbox 326 740 433 805; x_wconf 88' lang='lat' dir='ltr'>per</span> <span class='ocrx_word' id='word_1_39' title='bbox 463 722 799 783; x_wconf 68' lang='lat' dir='ltr'>⁴Henricum</span> <span class='ocrx_word' id='word_1_40' title='bbox 843 721 1202 794; x_wconf 75' lang='lat' dir='ltr'>Caesarem,</span> <span class='ocrx_word' id='word_1_41' title='bbox 1261 741 1441 780; x_wconf 90' lang='lat' dir='ltr'>causa</span> <span class='ocrx_word' id='word_1_42' title='bbox 1491 715 1844 780; x_wconf 90' lang='lat' dir='ltr'>restituendi</span> <span class='ocrx_word' id='word_1_43' title='bbox 1890 715 2041 778; x_wconf 87' lang='lat' dir='ltr'>solio</span> 
     </span>
     <span class='ocr_line' id='line_1_7' title="bbox 119 801 2040 892; baseline -0.001 -28"><span class='ocrx_word' id='word_1_44' title='bbox 119 801 326 879; x_wconf 87' lang='lat' dir='ltr'>Petri,</span> <span class='ocrx_word' id='word_1_45' title='bbox 395 818 633 892; x_wconf 89' lang='lat' dir='ltr'>arrepta</span> <span class='ocrx_word' id='word_1_46' title='bbox 672 805 757 867; x_wconf 79' lang='lat' dir='ltr'>ab</span> <span class='ocrx_word' id='word_1_47' title='bbox 789 803 1105 890; x_wconf 85' lang='lat' dir='ltr'>Hungaria</span> <span class='ocrx_word' id='word_1_48' title='bbox 1150 815 1604 880; x_wconf 89' lang='lat' dir='ltr'>averterentur,</span> <span class='ocrx_word' id='word_1_49' title='bbox 1657 803 1792 865; x_wconf 91' lang='lat' dir='ltr'>illos</span> <span class='ocrx_word' id='word_1_50' title='bbox 1843 801 2040 875; x_wconf 90' lang='lat' dir='ltr'>etiam,</span> 
     </span>
     <span class='ocr_line' id='line_1_8' title="bbox 38 886 2055 976; baseline -0 -27"><span class='ocrx_word' id='word_1_51' title='bbox 38 916 41 920; x_wconf 87' lang='lat'><em>·</em></span> <span class='ocrx_word' id='word_1_52' title='bbox 120 886 220 973; x_wconf 88' lang='lat' dir='ltr'>qui</span> <span class='ocrx_word' id='word_1_53' title='bbox 259 889 407 951; x_wconf 90' lang='lat' dir='ltr'>clam</span> <span class='ocrx_word' id='word_1_54' title='bbox 444 893 629 953; x_wconf 88' lang='lat' dir='ltr'>Petro</span> <span class='ocrx_word' id='word_1_55' title='bbox 659 890 966 966; x_wconf 86' lang='lat' dir='ltr'>favebant,</span> <span class='ocrx_word' id='word_1_56' title='bbox 1014 890 1206 976; x_wconf 90' lang='lat' dir='ltr'>palam</span> <span class='ocrx_word' id='word_1_57' title='bbox 1240 889 1611 952; x_wconf 80' lang='lat' dir='ltr'>auctoritatis</span> <span class='ocrx_word' id='word_1_58' title='bbox 1651 911 1795 951; x_wconf 89' lang='lat' dir='ltr'>suae</span> <span class='ocrx_word' id='word_1_59' title='bbox 1828 887 2055 950; x_wconf 79' lang='lat' dir='ltr'>suffra--</span> 
     </span>
     <span class='ocr_line' id='line_1_9' title="bbox 119 973 2041 1063; baseline -0.001 -28"><span class='ocrx_word' id='word_1_60' title='bbox 119 984 364 1058; x_wconf 81' lang='lat' dir='ltr'>gatores</span> <span class='ocrx_word' id='word_1_61' title='bbox 391 973 610 1038; x_wconf 87' lang='lat' dir='ltr'>habuit.</span> <span class='ocrx_word' id='word_1_62' title='bbox 657 975 780 1039; x_wconf 84' lang='lat' dir='ltr'>Sed</span> <span class='ocrx_word' id='word_1_63' title='bbox 805 974 863 1037; x_wconf 90' lang='lat' dir='ltr'>hi</span> <span class='ocrx_word' id='word_1_64' title='bbox 895 975 1064 1063; x_wconf 91' lang='lat' dir='ltr'>primi</span> <span class='ocrx_word' id='word_1_65' title='bbox 1097 974 1271 1038; x_wconf 81' lang='lat' dir='ltr'>{idem</span> <span class='ocrx_word' id='word_1_66' title='bbox 1305 975 1696 1062; x_wconf 88' lang='lat' dir='ltr'>abruperunt,</span> <span class='ocrx_word' id='word_1_67' title='bbox 1745 997 1877 1036; x_wconf 92' lang='lat' dir='ltr'>cum</span> <span class='ocrx_word' id='word_1_68' title='bbox 1912 975 2041 1036; x_wconf 85' lang='lat' dir='ltr'>Rex</span> 
     </span>
     <span class='ocr_line' id='line_1_10' title="bbox 90 1058 2042 1147; baseline -0.001 -27"><span class='ocrx_word' id='word_1_69' title='bbox 90 1059 277 1128; x_wconf 51' lang='lat' dir='ltr'>‚faces</span> <span class='ocrx_word' id='word_1_70' title='bbox 326 1059 702 1138; x_wconf 77' lang='lat' dir='ltr'>dissidiorum</span> <span class='ocrx_word' id='word_1_71' title='bbox 748 1060 1186 1124; x_wconf 90' lang='lat' dir='ltr'>submovendas</span> <span class='ocrx_word' id='word_1_72' title='bbox 1229 1072 1436 1137; x_wconf 81' lang='lat' dir='ltr'>ratuS,</span> <span class='ocrx_word' id='word_1_73' title='bbox 1504 1060 1657 1146; x_wconf 88' lang='lat' dir='ltr'>quod</span> <span class='ocrx_word' id='word_1_74' title='bbox 1718 1058 2042 1147; x_wconf 87' lang='lat' dir='ltr'>prudenter</span> 
     </span>
     <span class='ocr_line' id='line_1_11' title="bbox 118 1145 2040 1234; baseline -0.001 -28"><span class='ocrx_word' id='word_1_75' title='bbox 118 1155 418 1222; x_wconf 84' lang='lat' dir='ltr'>senserat,</span> <span class='ocrx_word' id='word_1_76' title='bbox 464 1145 549 1210; x_wconf 92' lang='lat' dir='ltr'>ita</span> <span class='ocrx_word' id='word_1_77' title='bbox 571 1161 901 1234; x_wconf 87' lang='lat' dir='ltr'>exequutus</span> <span class='ocrx_word' id='word_1_78' title='bbox 930 1159 1122 1223; x_wconf 88' lang='lat' dir='ltr'>esset,</span> <span class='ocrx_word' id='word_1_79' title='bbox 1168 1158 1234 1209; x_wconf 91' lang='lat' dir='ltr'>ut</span> <span class='ocrx_word' id='word_1_80' title='bbox 1263 1145 1422 1208; x_wconf 86' lang='lat' dir='ltr'>viros</span> <span class='ocrx_word' id='word_1_81' title='bbox 1457 1145 2040 1233; x_wconf 77' lang='lat' dir='ltr'>quinquagintasce-</span> 
     </span>
     <span class='ocr_line' id='line_1_12' title="bbox 120 1228 2039 1319; baseline -0.001 -28"><span class='ocrx_word' id='word_1_82' title='bbox 120 1228 263 1293; x_wconf 89' lang='lat' dir='ltr'>leris</span> <span class='ocrx_word' id='word_1_83' title='bbox 302 1230 461 1293; x_wconf 89' lang='lat' dir='ltr'>illius</span> <span class='ocrx_word' id='word_1_84' title='bbox 505 1234 858 1319; x_wconf 80' lang='lat' dir='ltr'>contagione</span> <span class='ocrx_word' id='word_1_85' title='bbox 891 1232 1178 1309; x_wconf 83' lang='lat' dir='ltr'>infectos,</span> <span class='ocrx_word' id='word_1_86' title='bbox 1234 1231 1582 1295; x_wconf 88' lang='lat' dir='ltr'>consiliandi</span> <span class='ocrx_word' id='word_1_87' title='bbox 1626 1231 1828 1318; x_wconf 89' lang='lat' dir='ltr'>specie</span> <span class='ocrx_word' id='word_1_88' title='bbox 1864 1231 1936 1293; x_wconf 88' lang='lat' dir='ltr'>ad</span> <span class='ocrx_word' id='word_1_89' title='bbox 1972 1252 2039 1291; x_wconf 90' lang='lat' dir='ltr'>se</span> 
     </span>
     <span class='ocr_line' id='line_1_13' title="bbox 120 1316 2039 1404; baseline 0 -27"><span class='ocrx_word' id='word_1_90' title='bbox 120 1328 434 1392; x_wconf 83' lang='lat' dir='ltr'>evocatos,</span> <span class='ocrx_word' id='word_1_91' title='bbox 488 1340 607 1381; x_wconf 91' lang='lat' dir='ltr'>non</span> <span class='ocrx_word' id='word_1_92' title='bbox 651 1320 987 1396; x_wconf 79' lang='lat' dir='ltr'>confeSSOS,</span> <span class='ocrx_word' id='word_1_93' title='bbox 1035 1342 1142 1381; x_wconf 92' lang='lat' dir='ltr'>nec</span> <span class='ocrx_word' id='word_1_94' title='bbox 1175 1316 1478 1381; x_wconf 86' lang='lat' dir='ltr'>convictos</span> <span class='ocrx_word' id='word_1_95' title='bbox 1515 1318 1778 1404; x_wconf 77' lang='lat' dir='ltr'>legibuS,</span> <span class='ocrx_word' id='word_1_96' title='bbox 1845 1316 2039 1404; x_wconf 89' lang='lat' dir='ltr'>capite</span> 
     </span>
     <span class='ocr_line' id='line_1_14' title="bbox 117 1400 2038 1490; baseline -0.001 -28"><span class='ocrx_word' id='word_1_97' title='bbox 117 1400 459 1488; x_wconf 86' lang='lat' dir='ltr'>plectendos</span> <span class='ocrx_word' id='word_1_98' title='bbox 507 1404 880 1482; x_wconf 79' lang='lat' dir='ltr'>decerneret,</span> <span class='ocrx_word' id='word_1_99' title='bbox 941 1427 1212 1490; x_wconf 89' lang='lat' dir='ltr'>novoque</span> <span class='ocrx_word' id='word_1_100' title='bbox 1256 1403 1494 1467; x_wconf 89' lang='lat' dir='ltr'>doceret</span> <span class='ocrx_word' id='word_1_101' title='bbox 1539 1416 1921 1490; x_wconf 81' lang='lat' dir='ltr'>argumento:</span> <span class='ocrx_word' id='word_1_102' title='bbox 1977 1401 2038 1462; x_wconf 90' lang='lat' dir='ltr'>in</span> 
     </span>
     <span class='ocr_line' id='line_1_15' title="bbox 115 1486 2039 1577; baseline 0 -29"><span class='ocrx_word' id='word_1_103' title='bbox 115 1486 394 1550; x_wconf 91' lang='lat' dir='ltr'>secundis</span> <span class='ocrx_word' id='word_1_104' title='bbox 440 1488 762 1573; x_wconf 77' lang='lat' dir='ltr'>difficilius,</span> <span class='ocrx_word' id='word_1_105' title='bbox 817 1513 991 1577; x_wconf 91' lang='lat' dir='ltr'>quam</span> <span class='ocrx_word' id='word_1_106' title='bbox 1046 1489 1314 1553; x_wconf 83' lang='lat' dir='ltr'>adversis</span> <span class='ocrx_word' id='word_1_107' title='bbox 1366 1490 1550 1553; x_wconf 87' lang='lat' dir='ltr'>rebus</span> <span class='ocrx_word' id='word_1_108' title='bbox 1597 1502 1874 1551; x_wconf 85' lang='lat' dir='ltr'>constare</span> <span class='ocrx_word' id='word_1_109' title='bbox 1923 1486 2039 1549; x_wconf 92' lang='lat' dir='ltr'>sibi</span> 
     </span>
     <span class='ocr_line' id='line_1_16' title="bbox 116 1573 2039 1662; baseline 0 -28"><span class='ocrx_word' id='word_1_110' title='bbox 116 1573 614 1658; x_wconf 88' lang='lat' dir='ltr'>spectatissimam</span> <span class='ocrx_word' id='word_1_111' title='bbox 653 1576 829 1639; x_wconf 83' lang='lat' dir='ltr'>etiam</span> <span class='ocrx_word' id='word_1_112' title='bbox 868 1577 1145 1639; x_wconf 87' lang='lat' dir='ltr'>virtutem</span> <span class='ocrx_word' id='word_1_113' title='bbox 1200 1599 1393 1662; x_wconf 88' lang='lat' dir='ltr'>posse.</span> <span class='ocrx_word' id='word_1_114' title='bbox 1441 1578 1737 1662; x_wconf 85' lang='lat' dir='ltr'>Corrupta</span> <span class='ocrx_word' id='word_1_115' title='bbox 1769 1574 1876 1651; x_wconf 84' lang='lat' dir='ltr'>sic,</span> <span class='ocrx_word' id='word_1_116' title='bbox 1924 1596 2039 1659; x_wconf 91' lang='lat' dir='ltr'>qua</span> 
     </span>
     <span class='ocr_line' id='line_1_17' title="bbox 117 1657 2038 1747; baseline 0.001 -27"><span class='ocrx_word' id='word_1_117' title='bbox 117 1657 306 1722; x_wconf 88' lang='lat' dir='ltr'>adbuc</span> <span class='ocrx_word' id='word_1_118' title='bbox 335 1659 646 1738; x_wconf 86' lang='lat' dir='ltr'>floruerat,</span> <span class='ocrx_word' id='word_1_119' title='bbox 676 1670 728 1738; x_wconf 74' lang='lat'>4)</span> <span class='ocrx_word' id='word_1_120' title='bbox 763 1663 919 1724; x_wconf 84' lang='lat' dir='ltr'>fama</span> <span class='ocrx_word' id='word_1_121' title='bbox 945 1660 1361 1747; x_wconf 78' lang='lat' dir='ltr'>benignitatiS‚</span> <span class='ocrx_word' id='word_1_122' title='bbox 1407 1661 1832 1747; x_wconf 84' lang='lat' dir='ltr'>religionisque</span> <span class='ocrx_word' id='word_1_123' title='bbox 1888 1667 2038 1738; x_wconf 85' lang='lat' dir='ltr'>(mo-</span> 
     </span>
     <span class='ocr_line' id='line_1_18' title="bbox 117 1743 2036 1834; baseline 0.001 -28"><span class='ocrx_word' id='word_1_124' title='bbox 117 1743 444 1807; x_wconf 89' lang='lat' dir='ltr'>nasterium</span> <span class='ocrx_word' id='word_1_125' title='bbox 490 1747 642 1809; x_wconf 91' lang='lat' dir='ltr'>enim</span> <span class='ocrx_word' id='word_1_126' title='bbox 683 1747 753 1810; x_wconf 91' lang='lat' dir='ltr'>de</span> <span class='ocrx_word' id='word_1_127' title='bbox 788 1751 942 1810; x_wconf 87' lang='lat' dir='ltr'>Saar</span> <span class='ocrx_word' id='word_1_128' title='bbox 970 1755 1020 1827; x_wconf 82' lang='lat'>5)</span> <span class='ocrx_word' id='word_1_129' title='bbox 1063 1747 1273 1812; x_wconf 87' lang='lat' dir='ltr'>Ordini</span> <span class='ocrx_word' id='word_1_130' title='bbox 1313 1771 1359 1809; x_wconf 93' lang='lat' dir='ltr'>s.</span> <span class='ocrx_word' id='word_1_131' title='bbox 1397 1747 1704 1834; x_wconf 63' lang='lat' dir='ltr'>Benedicti</span> <span class='ocrx_word' id='word_1_132' title='bbox 1747 1745 2036 1824; x_wconf 84' lang='lat' dir='ltr'>condidit)</span> 
     </span>
     <span class='ocr_line' id='line_1_19' title="bbox 117 1830 2036 1919; baseline 0.001 -27"><span class='ocrx_word' id='word_1_133' title='bbox 117 1830 317 1916; x_wconf 90' lang='lat' dir='ltr'>plures</span> <span class='ocrx_word' id='word_1_134' title='bbox 342 1834 470 1917; x_wconf 90' lang='lat' dir='ltr'>jam</span> <span class='ocrx_word' id='word_1_135' title='bbox 516 1855 624 1895; x_wconf 89' lang='lat' dir='ltr'>nec</span> <span class='ocrx_word' id='word_1_136' title='bbox 664 1832 1035 1919; x_wconf 82' lang='lat' dir='ltr'>alienigenae</span> <span class='ocrx_word' id='word_1_137' title='bbox 1087 1831 1285 1906; x_wconf 85' lang='lat' dir='ltr'>modo,</span> <span class='ocrx_word' id='word_1_138' title='bbox 1356 1833 1463 1895; x_wconf 90' lang='lat' dir='ltr'>sed</span> <span class='ocrx_word' id='word_1_139' title='bbox 1515 1832 1793 1918; x_wconf 80' lang='lat' dir='ltr'>Hungari</span> <span class='ocrx_word' id='word_1_140' title='bbox 1841 1831 2036 1907; x_wconf 90' lang='lat' dir='ltr'>etiam,</span> 
     </span>
     <span class='ocr_line' id='line_1_20' title="bbox 117 1915 2036 2005; baseline -0.001 -27"><span class='ocrx_word' id='word_1_141' title='bbox 117 1916 216 2003; x_wconf 91' lang='lat' dir='ltr'>qui</span> <span class='ocrx_word' id='word_1_142' title='bbox 247 1916 439 1979; x_wconf 90' lang='lat' dir='ltr'>caesis</span> <span class='ocrx_word' id='word_1_143' title='bbox 479 1918 791 1996; x_wconf 79' lang='lat' dir='ltr'>affinitate,</span> <span class='ocrx_word' id='word_1_144' title='bbox 838 1917 1221 2005; x_wconf 83' lang='lat' dir='ltr'>cognatione,</span> <span class='ocrx_word' id='word_1_145' title='bbox 1268 1931 1369 1982; x_wconf 89' lang='lat' dir='ltr'>aut</span> <span class='ocrx_word' id='word_1_146' title='bbox 1409 1919 1604 2005; x_wconf 88' lang='lat' dir='ltr'>aliquo</span> <span class='ocrx_word' id='word_1_147' title='bbox 1646 1915 2036 1980; x_wconf 88' lang='lat' dir='ltr'>necessitudi-</span> 
     </span>
    </p>
   </div>
   <div class='ocr_carea' id='block_1_3' title="bbox 116 2041 258 2048">
    <p class='ocr_par' dir='ltr' id='par_1_3' title="bbox 116 2041 258 2048">
     <span class='ocr_line' id='line_1_21' title="bbox 116 2041 258 2048; baseline 0 1870"><span class='ocrx_word' id='word_1_148' title='bbox 116 2041 258 2048; x_wconf 95' lang='lat' dir='ltr'> </span> 
     </span>
    </p>
   </div>
   <div class='ocr_carea' id='block_1_4' title="bbox 260 2041 619 2049">
    <p class='ocr_par' dir='ltr' id='par_1_4' title="bbox 260 2041 619 2049">
     <span class='ocr_line' id='line_1_22' title="bbox 260 2041 619 2049; baseline 0 0"><span class='ocrx_word' id='word_1_149' title='bbox 260 2041 619 2049; x_wconf 95' lang='lat' dir='ltr'> </span> 
     </span>
    </p>
   </div>
   <div class='ocr_carea' id='block_1_5' title="bbox 113 2100 2038 3452">
    <p class='ocr_par' dir='ltr' id='par_1_5' title="bbox 114 2100 2038 2409">
     <span class='ocr_line' id='line_1_23' title="bbox 251 2100 2038 2171; baseline 0.001 -20"><span class='ocrx_word' id='word_1_150' title='bbox 251 2102 298 2162; x_wconf 88' lang='grc'>3)</span> <span class='ocrx_word' id='word_1_151' title='bbox 343 2102 511 2153; x_wconf 83' lang='lat' dir='ltr'>Notar.</span> <span class='ocrx_word' id='word_1_152' title='bbox 552 2104 696 2154; x_wconf 89' lang='lat' dir='ltr'>Belae</span> <span class='ocrx_word' id='word_1_153' title='bbox 737 2106 795 2155; x_wconf 92' lang='lat' dir='ltr'>R.</span> <span class='ocrx_word' id='word_1_154' title='bbox 831 2122 875 2155; x_wconf 91' lang='lat' dir='ltr'>c.</span> <span class='ocrx_word' id='word_1_155' title='bbox 923 2102 1020 2156; x_wconf 78' lang='lat'>32.</span> <span class='ocrx_word' id='word_1_156' title='bbox 1073 2106 1217 2167; x_wconf 87' lang='lat' dir='ltr'>„Dux</span> <span class='ocrx_word' id='word_1_157' title='bbox 1254 2106 1412 2171; x_wconf 83' lang='lat' dir='ltr'>Arpad</span> <span class='ocrx_word' id='word_1_158' title='bbox 1453 2106 1503 2155; x_wconf 91' lang='lat' dir='ltr'>in</span> <span class='ocrx_word' id='word_1_159' title='bbox 1546 2100 1674 2171; x_wconf 79' lang='lat' dir='ltr'>sylva</span> <span class='ocrx_word' id='word_1_160' title='bbox 1711 2105 1863 2154; x_wconf 88' lang='lat' dir='ltr'>Matra</span> <span class='ocrx_word' id='word_1_161' title='bbox 1906 2103 2038 2153; x_wconf 89' lang='lat' dir='ltr'>dedit</span> 
     </span>
     <span class='ocr_line' id='line_1_24' title="bbox 116 2189 2037 2257; baseline 0.001 -21"><span class='ocrx_word' id='word_1_162' title='bbox 116 2193 296 2236; x_wconf 85' lang='lat' dir='ltr'>terram</span> <span class='ocrx_word' id='word_1_163' title='bbox 327 2203 553 2253; x_wconf 87' lang='lat' dir='ltr'>magnam</span> <span class='ocrx_word' id='word_1_164' title='bbox 583 2189 787 2241; x_wconf 87' lang='lat' dir='ltr'>Edunec</span> <span class='ocrx_word' id='word_1_165' title='bbox 818 2200 866 2242; x_wconf 89' lang='lat' dir='ltr'>et</span> <span class='ocrx_word' id='word_1_166' title='bbox 894 2191 1233 2252; x_wconf 89' lang='lat' dir='ltr'>Edumernec‚</span> <span class='ocrx_word' id='word_1_167' title='bbox 1266 2205 1352 2241; x_wconf 77' lang='lat' dir='ltr'>’ex</span> <span class='ocrx_word' id='word_1_168' title='bbox 1382 2207 1593 2257; x_wconf 85' lang='lat' dir='ltr'>quorum</span> <span class='ocrx_word' id='word_1_169' title='bbox 1624 2190 1770 2240; x_wconf 89' lang='lat' dir='ltr'>etiam</span> <span class='ocrx_word' id='word_1_170' title='bbox 1801 2189 2037 2255; x_wconf 82' lang='lat' dir='ltr'>progenie</span> 
     </span>
     <span class='ocr_line' id='line_1_25' title="bbox 114 2271 2036 2343; baseline 0.002 -22"><span class='ocrx_word' id='word_1_171' title='bbox 114 2271 260 2336; x_wconf 88' lang='lat' dir='ltr'>longo</span> <span class='ocrx_word' id='word_1_172' title='bbox 290 2281 404 2337; x_wconf 89' lang='lat' dir='ltr'>post</span> <span class='ocrx_word' id='word_1_173' title='bbox 430 2281 672 2340; x_wconf 85' lang='lat' dir='ltr'>tempore,</span> <span class='ocrx_word' id='word_1_174' title='bbox 706 2278 806 2327; x_wconf 88' lang='lat' dir='ltr'>Rex</span> <span class='ocrx_word' id='word_1_175' title='bbox 838 2278 1034 2327; x_wconf 84' lang='lat' dir='ltr'>Samuel</span> <span class='ocrx_word' id='word_1_176' title='bbox 1064 2278 1336 2339; x_wconf 88' lang='lat' dir='ltr'>descendit,</span> <span class='ocrx_word' id='word_1_177' title='bbox 1370 2277 1452 2343; x_wconf 90' lang='lat' dir='ltr'>qui</span> <span class='ocrx_word' id='word_1_178' title='bbox 1482 2293 1571 2342; x_wconf 85' lang='lat' dir='ltr'>pro</span> <span class='ocrx_word' id='word_1_179' title='bbox 1605 2292 1691 2326; x_wconf 87' lang='lat' dir='ltr'>sua</span> <span class='ocrx_word' id='word_1_180' title='bbox 1723 2276 1900 2341; x_wconf 89' lang='lat' dir='ltr'>pietate</span> <span class='ocrx_word' id='word_1_181' title='bbox 1933 2274 2036 2325; x_wconf 86' lang='lat' dir='ltr'>Oba</span> 
     </span>
     <span class='ocr_line' id='line_1_26' title="bbox 117 2357 442 2409; baseline 0.006 -2"><span class='ocrx_word' id='word_1_182' title='bbox 117 2357 442 2409; x_wconf 60' lang='lat' dir='ltr'>vocabaturf‘</span> 
     </span>
    </p>

    <p class='ocr_par' dir='ltr' id='par_1_6' title="bbox 113 2441 2038 3284">
     <span class='ocr_line' id='line_1_27' title="bbox 248 2441 2037 2514; baseline 0 -20"><span class='ocrx_word' id='word_1_183' title='bbox 248 2441 300 2512; x_wconf 75' lang='lat'>4)</span> <span class='ocrx_word' id='word_1_184' title='bbox 346 2442 464 2495; x_wconf 84' lang='lat' dir='ltr'>Post</span> <span class='ocrx_word' id='word_1_185' title='bbox 501 2456 694 2498; x_wconf 86' lang='lat' dir='ltr'>erutum</span> <span class='ocrx_word' id='word_1_186' title='bbox 744 2464 947 2500; x_wconf 85' lang='lat' dir='ltr'>aureum</span> <span class='ocrx_word' id='word_1_187' title='bbox 985 2449 1169 2500; x_wconf 84' lang='lat' dir='ltr'>Notarii</span> <span class='ocrx_word' id='word_1_188' title='bbox 1206 2450 1352 2499; x_wconf 88' lang='lat' dir='ltr'>Belae</span> <span class='ocrx_word' id='word_1_189' title='bbox 1399 2449 1546 2514; x_wconf 86' lang='lat' dir='ltr'>Regis</span> <span class='ocrx_word' id='word_1_190' title='bbox 1583 2447 1799 2498; x_wconf 87' lang='lat' dir='ltr'>libellum</span> <span class='ocrx_word' id='word_1_191' title='bbox 1847 2446 2037 2511; x_wconf 86' lang='lat' dir='ltr'>primus</span> 
     </span>
     <span class='ocr_line' id='line_1_28' title="bbox 118 2527 2035 2596; baseline 0.001 -18"><span class='ocrx_word' id='word_1_192' title='bbox 118 2527 319 2578; x_wconf 48' lang='lat' dir='ltr'>Godofri</span> <span class='ocrx_word' id='word_1_193' title='bbox 353 2530 653 2583; x_wconf 87' lang='lat' dir='ltr'>Schwarzius</span> <span class='ocrx_word' id='word_1_194' title='bbox 685 2535 1056 2596; x_wconf 84' lang='lat' dir='ltr'>Dissertatione‚</span> <span class='ocrx_word' id='word_1_195' title='bbox 1090 2536 1169 2586; x_wconf 89' lang='lat' dir='ltr'>cui</span> <span class='ocrx_word' id='word_1_196' title='bbox 1198 2536 1393 2586; x_wconf 88' lang='lat' dir='ltr'>titulus:</span> <span class='ocrx_word' id='word_1_197' title='bbox 1432 2534 1667 2594; x_wconf 89' lang='lat' dir='ltr'>„Samuel</span> <span class='ocrx_word' id='word_1_198' title='bbox 1698 2535 1799 2583; x_wconf 87' lang='lat' dir='ltr'>Rex</span> <span class='ocrx_word' id='word_1_199' title='bbox 1829 2532 2035 2596; x_wconf 89' lang='lat' dir='ltr'>Hunga-</span> 
     </span>
     <span class='ocr_line' id='line_1_29' title="bbox 119 2614 2037 2686; baseline 0.001 -23"><span class='ocrx_word' id='word_1_200' title='bbox 119 2614 235 2675; x_wconf 84' lang='lat' dir='ltr'>riae,</span> <span class='ocrx_word' id='word_1_201' title='bbox 285 2615 367 2679; x_wconf 88' lang='lat' dir='ltr'>qui</span> <span class='ocrx_word' id='word_1_202' title='bbox 395 2617 538 2682; x_wconf 86' lang='lat' dir='ltr'>vulgo</span> <span class='ocrx_word' id='word_1_203' title='bbox 568 2618 667 2668; x_wconf 89' lang='lat' dir='ltr'>Aba</span> <span class='ocrx_word' id='word_1_204' title='bbox 706 2620 878 2686; x_wconf 12' lang='lat' dir='ltr'>auvdit“</span> <span class='ocrx_word' id='word_1_205' title='bbox 918 2621 1360 2685; x_wconf 85' lang='lat' dir='ltr'>praeclarissimam</span> <span class='ocrx_word' id='word_1_206' title='bbox 1397 2620 1663 2670; x_wconf 84' lang='lat' dir='ltr'>memoriae</span> <span class='ocrx_word' id='word_1_207' title='bbox 1702 2619 1849 2684; x_wconf 87' lang='lat' dir='ltr'>Regis</span> <span class='ocrx_word' id='word_1_208' title='bbox 1889 2616 2037 2681; x_wconf 87' lang='lat' dir='ltr'>hujus</span> 
     </span>
     <span class='ocr_line' id='line_1_30' title="bbox 118 2696 2034 2771; baseline 0.001 -21"><span class='ocrx_word' id='word_1_209' title='bbox 118 2715 316 2765; x_wconf 84' lang='lat' dir='ltr'>operam</span> <span class='ocrx_word' id='word_1_210' title='bbox 358 2701 515 2763; x_wconf 87' lang='lat' dir='ltr'>dedit,</span> <span class='ocrx_word' id='word_1_211' title='bbox 563 2719 772 2770; x_wconf 87' lang='lat' dir='ltr'>eumque</span> <span class='ocrx_word' id='word_1_212' title='bbox 810 2696 900 2770; x_wconf 73' lang='lat' dir='ltr'>pro</span> <span class='ocrx_word' id='word_1_213' title='bbox 938 2706 1161 2755; x_wconf 82' lang='lat' dir='ltr'>libertate</span> <span class='ocrx_word' id='word_1_214' title='bbox 1203 2706 1362 2771; x_wconf 88' lang='lat' dir='ltr'>gentis</span> <span class='ocrx_word' id='word_1_215' title='bbox 1402 2721 1518 2755; x_wconf 88' lang='lat' dir='ltr'>suae</span> <span class='ocrx_word' id='word_1_216' title='bbox 1556 2705 1813 2769; x_wconf 74' lang='lat' dir='ltr'>Martyrem</span> <span class='ocrx_word' id='word_1_217' title='bbox 1853 2704 2034 2752; x_wconf 86' lang='lat' dir='ltr'>factum</span> 
     </span>
     <span class='ocr_line' id='line_1_31' title="bbox 113 2782 2037 2856; baseline 0.001 -21"><span class='ocrx_word' id='word_1_218' title='bbox 113 2785 261 2851; x_wconf 83' lang='lat' dir='ltr'>justis</span> <span class='ocrx_word' id='word_1_219' title='bbox 291 2785 515 2838; x_wconf 79' lang='lat' dir='ltr'>laudibus</span> <span class='ocrx_word' id='word_1_220' title='bbox 547 2790 821 2840; x_wconf 87' lang='lat' dir='ltr'>celebravit.</span> <span class='ocrx_word' id='word_1_221' title='bbox 865 2791 1004 2849; x_wconf 89' lang='lat' dir='ltr'>Quod</span> <span class='ocrx_word' id='word_1_222' title='bbox 1037 2791 1166 2841; x_wconf 89' lang='lat' dir='ltr'>idem</span> <span class='ocrx_word' id='word_1_223' title='bbox 1204 2799 1456 2856; x_wconf 85' lang='lat' dir='ltr'>praeterea</span> <span class='ocrx_word' id='word_1_224' title='bbox 1486 2790 1779 2856; x_wconf 64' lang='lat' dir='ltr'>precabatur</span> <span class='ocrx_word' id='word_1_225' title='bbox 1810 2782 2037 2849; x_wconf 75' lang='lat' dir='ltr'>„utexi-</span> 
     </span>
     <span class='ocr_line' id='line_1_32' title="bbox 117 2871 2038 2941; baseline 0.002 -21"><span class='ocrx_word' id='word_1_226' title='bbox 117 2878 269 2922; x_wconf 85' lang='lat' dir='ltr'>steret</span> <span class='ocrx_word' id='word_1_227' title='bbox 296 2871 494 2938; x_wconf 85' lang='lat' dir='ltr'>aliquis,</span> <span class='ocrx_word' id='word_1_228' title='bbox 544 2875 624 2940; x_wconf 89' lang='lat' dir='ltr'>qui</span> <span class='ocrx_word' id='word_1_229' title='bbox 665 2876 918 2926; x_wconf 88' lang='lat' dir='ltr'>Notarium</span> <span class='ocrx_word' id='word_1_230' title='bbox 948 2877 1093 2927; x_wconf 89' lang='lat' dir='ltr'>Belae</span> <span class='ocrx_word' id='word_1_231' title='bbox 1123 2877 1270 2941; x_wconf 87' lang='lat' dir='ltr'>Regis</span> <span class='ocrx_word' id='word_1_232' title='bbox 1309 2893 1420 2927; x_wconf 90' lang='lat' dir='ltr'>cum</span> <span class='ocrx_word' id='word_1_233' title='bbox 1464 2875 1852 2941; x_wconf 85' lang='lat' dir='ltr'>chronographis</span> <span class='ocrx_word' id='word_1_234' title='bbox 1889 2874 2038 2924; x_wconf 90' lang='lat' dir='ltr'>theo-</span> 
     </span>
     <span class='ocr_line' id='line_1_33' title="bbox 117 2956 2036 3036; baseline 0.001 -30"><span class='ocrx_word' id='word_1_235' title='bbox 117 2956 264 3017; x_wconf 83' lang='lat' dir='ltr'>niniS,</span> <span class='ocrx_word' id='word_1_236' title='bbox 311 2957 494 3023; x_wconf 88' lang='lat' dir='ltr'>Regem</span> <span class='ocrx_word' id='word_1_237' title='bbox 526 2961 764 3025; x_wconf 89' lang='lat' dir='ltr'>optimum</span> <span class='ocrx_word' id='word_1_238' title='bbox 794 2962 1104 3023; x_wconf 85' lang='lat' dir='ltr'>insolentiae,</span> <span class='ocrx_word' id='word_1_239' title='bbox 1153 2963 1451 3013; x_wconf 87' lang='lat' dir='ltr'>crudelitatis</span> <span class='ocrx_word' id='word_1_240' title='bbox 1483 2969 1532 3012; x_wconf 88' lang='lat' dir='ltr'>et</span> <span class='ocrx_word' id='word_1_241' title='bbox 1562 2961 1763 3036; x_wconf 77' lang='lat' dir='ltr'>perjurii</span> <span class='ocrx_word' id='word_1_242' title='bbox 1793 2975 2036 3010; x_wconf 84' lang='lat' dir='ltr'>accusan-</span> 
     </span>
     <span class='ocr_line' id='line_1_34' title="bbox 118 3038 2035 3112; baseline 0.001 -20"><span class='ocrx_word' id='word_1_243' title='bbox 118 3041 250 3092; x_wconf 90' lang='lat' dir='ltr'>tibus</span> <span class='ocrx_word' id='word_1_244' title='bbox 281 3041 330 3091; x_wconf 92' lang='lat' dir='ltr'>in</span> <span class='ocrx_word' id='word_1_245' title='bbox 361 3038 562 3108; x_wconf 84' lang='lat' dir='ltr'>gratiam</span> <span class='ocrx_word' id='word_1_246' title='bbox 594 3048 856 3097; x_wconf 83' lang='lat' dir='ltr'>reducat.“</span> <span class='ocrx_word' id='word_1_247' title='bbox 890 3048 1208 3099; x_wconf 85' lang='lat' dir='ltr'>Cornidesius</span> <span class='ocrx_word' id='word_1_248' title='bbox 1227 3048 1276 3098; x_wconf 91' lang='lat' dir='ltr'>in</span> <span class='ocrx_word' id='word_1_249' title='bbox 1299 3048 1497 3098; x_wconf 88' lang='lat' dir='ltr'>Geneal.</span> <span class='ocrx_word' id='word_1_250' title='bbox 1541 3048 1727 3112; x_wconf 86' lang='lat' dir='ltr'>Regum</span> <span class='ocrx_word' id='word_1_251' title='bbox 1759 3045 2035 3110; x_wconf 84' lang='lat' dir='ltr'>Hungariao</span> 
     </span>
     <span class='ocr_line' id='line_1_35' title="bbox 119 3126 2036 3192; baseline 0.002 -15"><span class='ocrx_word' id='word_1_252' title='bbox 119 3143 219 3177; x_wconf 85' lang='lat' dir='ltr'>sec.</span> <span class='ocrx_word' id='word_1_253' title='bbox 261 3126 342 3176; x_wconf 89' lang='lat' dir='ltr'>XI.</span> <span class='ocrx_word' id='word_1_254' title='bbox 387 3130 479 3179; x_wconf 82' lang='lat' dir='ltr'>fide</span> <span class='ocrx_word' id='word_1_255' title='bbox 517 3138 566 3180; x_wconf 89' lang='lat' dir='ltr'>et</span> <span class='ocrx_word' id='word_1_256' title='bbox 603 3133 875 3183; x_wconf 87' lang='lat' dir='ltr'>eruditione</span> <span class='ocrx_word' id='word_1_257' title='bbox 915 3134 1174 3183; x_wconf 89' lang='lat' dir='ltr'>Schwarzii</span> <span class='ocrx_word' id='word_1_258' title='bbox 1211 3134 1386 3185; x_wconf 89' lang='lat' dir='ltr'>merito</span> <span class='ocrx_word' id='word_1_259' title='bbox 1432 3133 1730 3192; x_wconf 88' lang='lat' dir='ltr'>collaudata,</span> <span class='ocrx_word' id='word_1_260' title='bbox 1777 3139 1825 3181; x_wconf 90' lang='lat' dir='ltr'>et</span> <span class='ocrx_word' id='word_1_261' title='bbox 1862 3146 2036 3180; x_wconf 88' lang='lat' dir='ltr'>rursus</span> 
     </span>
     <span class='ocr_line' id='line_1_36' title="bbox 117 3211 1087 3284; baseline 0.006 -21"><span class='ocrx_word' id='word_1_262' title='bbox 117 3213 167 3263; x_wconf 91' lang='lat' dir='ltr'>in</span> <span class='ocrx_word' id='word_1_263' title='bbox 197 3211 426 3263; x_wconf 91' lang='lat' dir='ltr'>Vindiciis</span> <span class='ocrx_word' id='word_1_264' title='bbox 455 3215 639 3266; x_wconf 84' lang='lat' dir='ltr'>Notarii</span> <span class='ocrx_word' id='word_1_265' title='bbox 670 3217 798 3268; x_wconf 90' lang='lat' dir='ltr'>illius</span> <span class='ocrx_word' id='word_1_266' title='bbox 829 3219 1087 3284; x_wconf 85' lang='lat' dir='ltr'>praestitit.</span> 
     </span>
    </p>

    <p class='ocr_par' dir='ltr' id='par_1_7' title="bbox 119 3299 2035 3452">
     <span class='ocr_line' id='line_1_37' title="bbox 250 3299 2031 3365; baseline 0 -18"><span class='ocrx_word' id='word_1_267' title='bbox 250 3300 296 3359; x_wconf 82' lang='lat'>5)</span> <span class='ocrx_word' id='word_1_268' title='bbox 342 3299 473 3349; x_wconf 89' lang='lat' dir='ltr'>Loco</span> <span class='ocrx_word' id='word_1_269' title='bbox 505 3302 782 3365; x_wconf 81' lang='lat' dir='ltr'>provinciae</span> <span class='ocrx_word' id='word_1_270' title='bbox 813 3304 1123 3354; x_wconf 81' lang='lat' dir='ltr'>Hevesiensis</span> <span class='ocrx_word' id='word_1_271' title='bbox 1154 3305 1214 3354; x_wconf 88' lang='lat' dir='ltr'>ad</span> <span class='ocrx_word' id='word_1_272' title='bbox 1243 3305 1446 3354; x_wconf 86' lang='lat' dir='ltr'>Matram</span> <span class='ocrx_word' id='word_1_273' title='bbox 1479 3302 1661 3352; x_wconf 86' lang='lat' dir='ltr'>Notarii</span> <span class='ocrx_word' id='word_1_274' title='bbox 1693 3301 1836 3350; x_wconf 87' lang='lat' dir='ltr'>Belae</span> <span class='ocrx_word' id='word_1_275' title='bbox 1868 3299 2031 3364; x_wconf 77' lang='lat' dir='ltr'>Regis,</span> 
     </span>
     <span class='ocr_line' id='line_1_38' title="bbox 119 3383 2035 3452; baseline 0.001 -20"><span class='ocrx_word' id='word_1_276' title='bbox 119 3383 261 3450; x_wconf 85' lang='lat' dir='ltr'>cujus</span> <span class='ocrx_word' id='word_1_277' title='bbox 292 3384 435 3434; x_wconf 76' lang='lat' dir='ltr'>iidem</span> <span class='ocrx_word' id='word_1_278' title='bbox 469 3386 635 3435; x_wconf 87' lang='lat' dir='ltr'>literae</span> <span class='ocrx_word' id='word_1_279' title='bbox 668 3403 861 3452; x_wconf 90' lang='lat' dir='ltr'>quoque</span> <span class='ocrx_word' id='word_1_280' title='bbox 893 3389 1038 3438; x_wconf 89' lang='lat' dir='ltr'>Belae</span> <span class='ocrx_word' id='word_1_281' title='bbox 1069 3383 1157 3438; x_wconf 92' lang='lat' dir='ltr'>IV.</span> <span class='ocrx_word' id='word_1_282' title='bbox 1185 3389 1244 3438; x_wconf 89' lang='lat' dir='ltr'>de</span> <span class='ocrx_word' id='word_1_283' title='bbox 1271 3405 1315 3438; x_wconf 90' lang='lat' dir='ltr'>a.</span> <span class='ocrx_word' id='word_1_284' title='bbox 1348 3385 1500 3438; x_wconf 78' lang='lat'>1261</span> <span class='ocrx_word' id='word_1_285' title='bbox 1541 3389 1599 3436; x_wconf 90' lang='lat' dir='ltr'>dc</span> <span class='ocrx_word' id='word_1_286' title='bbox 1632 3386 1881 3436; x_wconf 89' lang='lat' dir='ltr'>latissimis</span> <span class='ocrx_word' id='word_1_287' title='bbox 1913 3401 2035 3450; x_wconf 88' lang='lat' dir='ltr'>pro-</span> 
     </span>
    </p>
   </div>
   <div class='ocr_carea' id='block_1_6' title="bbox 29 3465 2033 3630">
    <p class='ocr_par' dir='ltr' id='par_1_8' title="bbox 29 3465 2033 3630">
     <span class='ocr_line' id='line_1_39' title="bbox 29 3465 2033 3539; baseline 0.001 -22"><span class='ocrx_word' id='word_1_288' title='bbox 29 3531 32 3536; x_wconf 18' lang='lat'>,</span> <span class='ocrx_word' id='word_1_289' title='bbox 119 3465 306 3534; x_wconf 82' lang='lat' dir='ltr'>paginis</span> <span class='ocrx_word' id='word_1_290' title='bbox 345 3471 574 3523; x_wconf 83' lang='lat' dir='ltr'>Edumeri</span> <span class='ocrx_word' id='word_1_291' title='bbox 620 3488 708 3538; x_wconf 88' lang='lat' dir='ltr'>per</span> <span class='ocrx_word' id='word_1_292' title='bbox 760 3474 1030 3524; x_wconf 85' lang='lat' dir='ltr'>Comitatus</span> <span class='ocrx_word' id='word_1_293' title='bbox 1071 3473 1222 3539; x_wconf 79' lang='lat' dir='ltr'>Abauj</span> <span class='ocrx_word' id='word_1_294' title='bbox 1246 3511 1257 3527; x_wconf 84' lang='grc'>,</span> <span class='ocrx_word' id='word_1_295' title='bbox 1314 3473 1502 3523; x_wconf 86' lang='lat' dir='ltr'>Borsod</span> <span class='ocrx_word' id='word_1_296' title='bbox 1543 3479 1589 3522; x_wconf 82' lang='lat' dir='ltr'>ot</span> <span class='ocrx_word' id='word_1_297' title='bbox 1630 3472 1783 3522; x_wconf 88' lang='lat' dir='ltr'>Heves</span> <span class='ocrx_word' id='word_1_298' title='bbox 1823 3470 2033 3536; x_wconf 83' lang='lat' dir='ltr'>praediis</span> 
     </span>
     <span class='ocr_line' id='line_1_40' title="bbox 34 3555 528 3630; baseline 0.002 -25"><span class='ocrx_word' id='word_1_299' title='bbox 34 3625 35 3630; x_wconf 12' lang='grc'>1</span> <span class='ocrx_word' id='word_1_300' title='bbox 120 3555 274 3605; x_wconf 77' lang='lat' dir='ltr'>editae</span> <span class='ocrx_word' id='word_1_301' title='bbox 304 3555 528 3621; x_wconf 84' lang='lat' dir='ltr'>probant.</span> 
     </span>
    </p>
   </div>
   <div class='ocr_carea' id='block_1_7' title="bbox 0 2630 47 3918">
    <p class='ocr_par' dir='ltr' id='par_1_9' title="bbox 0 2630 47 3918">
     <span class='ocr_line' id='line_1_41' title="bbox 0 2630 47 3918; baseline 0 0"><span class='ocrx_word' id='word_1_302' title='bbox 0 2630 47 3918; x_wconf 95' lang='lat' dir='ltr'> </span> 
     </span>
    </p>
   </div>
  </div>
 </body>
</html>
