2358 3874
276 223 397 276 120

270 357 576 432 Aulitum,
620 356 1020 418 Servientium
1056 353 1412 436 Regiorum,
1465 354 1717 438 aliisque
1756 354 2206 438 Jobbagionum

270 440 419 502 varii
465 441 709 524 generis
756 437 1096 500 nominibus
1138 436 1334 496 scissa
1378 435 1563 497 videri
1595 450 1862 522 poterat,
1914 438 2207 500 communi

271 523 758 587 Servientium
791 520 1185 607 appellatione
1225 520 1581 583 restituitur.
1647 525 1813 583 Vera
1851 523 2052 607 itaque
2094 534 2208 597 est,

273 611 442 693 cujus
473 611 598 692 jam
653 607 930 692 superius
975 604 1513 680 commeminimuS,
1559 604 1851 690 Stephani
1879 605 2208 668 Verbc'iczii

270 693 342 754 de
381 705 632 775 aequata
669 715 777 775 per
798 694 1124 751 Decretum
1158 688 1272 750 hoc
1300 690 1609 751 Nobilium
1644 690 1900 751 omnium
1931 689 2209 752 libertate

268 774 583 838 sententia.
648 774 759 836 Cui
801 773 899 858 qui
947 774 1317 850 obtrectant,
1388 797 1505 836 non
1555 773 1639 834 illi
1683 772 1955 859 spiritum
1987 775 2210 858 legum,

275 860 382 921 sed
412 860 635 919 fluxum
666 858 952 920 Andreae
980 870 1041 920 et
1072 871 1351 944 nepotum
1383 858 1441 919 in
1475 857 1714 942 aliquali
1748 857 1931 943 prisci
1970 860 2208 942 Regum

270 943 606 1005 Comitatus
652 942 968 1004 simulacro
1015 942 1410 1018 efformando,
1443 941 1842 1026 imitandoque
1883 943 2207 1027 peregrino

264 1027 576 1089 titulorum
625 1027 767 1088 luxu
812 1026 1123 1088 consilium
1171 1050 1278 1112 pro
1330 1027 1467 1111 lege
1517 1038 1848 1102 summunt,
1910 1025 2205 1109 singulari

266 1123 457 1186 certe,
516 1135 623 1196 per
669 1134 843 1195 quam
886 1134 1095 1195 nempe
1140 1111 1362 1173 factum
1395 1111 1505 1186 sit,
1561 1123 1627 1172 ut
1661 1111 1796 1173 dum
1827 1132 1944 1171 non
1975 1122 2206 1171 tantum

266 1195 627 1257 valentiores
661 1197 967 1257 naturales
997 1195 1450 1280 Johbagiones,
1484 1194 1954 1279 Servientesque
2004 1217 2079 1256 ex
2113 1217 2206 1256 or-

265 1279 502 1340 dinibus
545 1277 819 1355 militiae,
865 1279 959 1340 cui
1007 1279 1213 1341 Castri
1244 1279 1504 1365 praefuit
1558 1282 1804 1354 ComeS,
1857 1279 2206 1354 eximerent,

265 1363 369 1426 sed
406 1365 770 1427 Castrenses
804 1363 979 1426 etiam
1019 1364 1319 1426 tenuiculo
1370 1363 1717 1426 facultatum
1759 1365 2207 1447 apparatuSer-

265 1448 497 1510 vientes
531 1447 780 1531 Regios,
813 1447 1174 1533 Aulitesque
1197 1448 1632 1510 renunciarent.
1668 1447 1833 1511 Ordo
1865 1447 2208 1509 coalascere

271 1543 554 1618 pergeret
580 1555 776 1601 ,novus
810 1556 1044 1609 eorum,
1092 1533 1191 1617 qui
1221 1545 1289 1594 ut
1319 1556 1438 1596 non
1470 1532 1769 1607 Comites,
1814 1530 1899 1593 ita
1929 1554 2040 1592 nec
2080 1533 2207 1616 jam

262 1639 294 1678 e
338 1638 584 1677 numero
638 1615 999 1679 Liberorum
1053 1641 1159 1679 seu
1210 1617 1469 1679 Militum
1531 1641 1578 1678 s,
1621 1614 1913 1701 Stephani
1983 1627 2205 1678 essent.

259 1701 418 1762 Huic
447 1699 647 1784 itaque
689 1701 826 1785 lege
874 1700 986 1762 hac
1016 1701 1249 1763 obviam
1277 1702 1456 1776 itum,
1511 1700 1755 1787 parique
1800 1699 2067 1762 stabilita
2100 1698 2206 1760 mi-

261 1784 420 1845 litiae
454 1783 788 1846 conditione
820 1785 1142 1847 liberorum
1169 1785 1572 1847 Servientium
1608 1783 1885 1858 omnium,
1919 1807 2047 1849 seu
2081 1786 2201 1846 Re-

260 1868 379 1951 gis
412 1866 490 1942 hi,
525 1890 650 1929 seu
682 1869 915 1953 Regni
947 1869 1300 1932 Servientes
1335 1881 1572 1945 essent,
1605 1868 2031 1954 praerogativa
2062 1890 2205 1953 quo-

260 1975 374 2037 que
404 1951 642 2037 penitus
674 1966 926 2037 aequata
958 1966 1068 2016 est.
1117 1954 1290 2030 Quod
1334 1954 1470 2016 dum
1503 1966 1712 2015 auctor
1742 1952 1840 2014 ille
1863 1952 2204 2015 Juriscon-

259 2036 653 2098 suetudinarii
695 2050 1034 2113 asseverat,
1093 2050 1331 2100 constat
1372 2038 1471 2100 ille
1517 2037 1633 2098 sibi
1681 2060 1748 2099 ea
1798 2036 1978 2098 etiam
2015 2048 2203 2122 parte,

259 2144 374 2205 qua
419 2124 576 2201 (I—ae
606 2120 698 2183 tit.
725 2126 889 2201 93.§
918 2129 986 2200 4)
1029 2121 1412 2183 Viduabus
1460 2122 1818 2183 Baronum
1874 2120 2028 2182 solo
2067 2144 2202 2183 no-

258 2205 440 2267 mine
486 2205 728 2267 talium
777 2219 836 2268 et
874 2206 1230 2290 insignium,
1265 2205 1423 2290 quod
1453 2218 1615 2268 recte
1647 2204 1914 2289 subjicit,
1958 2228 2071 2266 usu
2103 2229 2202 2267 ve-

257 2302 424 2351 tusto
475 2288 671 2352 dotem
721 2290 1155 2375 quinquaginta
1212 2313 1571 2366 marcaram,
1630 2289 1920 2351 eandem
1973 2288 2204 2352 scilicet

255 2374 447 2458 ipsam
500 2372 846 2435 admensam
893 2398 1029 2436 esse
1078 2373 1376 2460 perhibet,
1411 2397 1562 2459 quae
1603 2373 1944 2436 testimonio
2000 2372 2201 2436 litera-

258 2481 387 2518 rum
430 2459 612 2520 Belae
660 2462 769 2520 lV.
814 2465 860 2537 1)
912 2459 1093 2543 longe
1149 2458 1565 2543 antiquissima
1609 2458 2040 2520 consuetudine
2089 2458 2201 2519 vi-

258 2542 530 2604 duabus
561 2542 1092 2627 Jobbagionum
1128 2542 1556 2604 naturalium
1591 2542 2201 2618 debebatur.Quod

261 2639 700 2711 argumentum,
728 2627 929 2711 quanti
960 2627 1019 2687 in
1055 2649 1178 2688 rem
1213 2640 1589 2711 praesentem
1624 2627 1905 2690 momenti
1936 2626 2036 2702 sit,
2065 2649 2200 2689 cen-

260 2711 500 2773 soribus
532 2711 860 2774 Verboczii
897 2711 1345 2797 expendendum
1377 2712 1682 2796 relinquo;
1725 2711 1857 2796 ipse
1897 2710 2053 2772 enim
2083 2733 2199 2772 non

255 2818 430 2858 cesso
484 2795 686 2857 mirari
731 2795 1101 2880 singularem
1157 2796 1332 2881 plane
1374 2795 1485 2856 viri
1529 2795 1704 2880 hujus
1751 2807 1812 2857 et
1855 2794 2197 2856 memoriam

446 2980 484 3036 ¹)
519 2978 634 3026 Vide
667 2993 748 3026 eas
781 2979 829 3027 in
863 2978 1124 3040 Mentissam
1159 2980 1278 3028 alias
1312 2979 1495 3028 similes
1531 2973 1590 3028 C.
1614 2978 1672 3027 D.
1695 2978 1779 3026 111.
1813 2994 1857 3026 v,
1894 2975 1949 3027 2.
1973 2973 2194 3042 Ρ.490;

260 3061 466 3109 eandem
523 3058 596 3109 50
650 3077 924 3110 marcarum
976 3063 1141 3110 dotem
1192 3063 1372 3127 accipit
1421 3063 1562 3111 vidua
1595 3062 1754 3111 Pousa
1793 3062 2001 3126 Jobbag.
2049 3063 2194 3112 castri

254 3145 520 3194 Trenchin.
556 3161 599 3195 a.
642 3141 820 3195 1247.
858 3146 912 3194 C.
949 3146 1006 3195 Ι).
1042 3146 1117 3195 IV.
1152 3163 1201 3211 p.
1227 3141 1367 3196 471.
1403 3147 1473 3195 De
1507 3147 1638 3207 dote,
1674 3162 1798 3210 quae
1828 3146 2066 3196 viduabus
2096 3147 2195 3196 Ba-

252 3244 430 3278 ronum
464 3231 603 3293 regni
637 3230 833 3279 obvenit
865 3228 1010 3291 (100
1035 3246 1228 3279 marcae
1249 3229 1474 3298 suerunt)
1507 3231 1675 3280 literae
1696 3237 1941 3280 testantur
1958 3231 2190 3280 BelaelV.

252 3313 311 3361 de
344 3329 387 3362 a.
422 3310 580 3363 1235
618 3315 926 3379 „Dyonisius
958 3315 1097 3363 uxori
1130 3315 1293 3364 Turde
1324 3331 1415 3380 pro
1449 3316 1562 3364 dote
1596 3331 1681 3371 sua
1715 3315 1961 3379 persolvat
1991 3321 2190 3364 centum

253 3403 518 3459 marcas“;
568 3399 686 3448 aliae
733 3400 848 3448 item
881 3399 1090 3448 Ladislai
1131 3399 1206 3448 lv.
1249 3399 1509 3463 Diplomati
1545 3399 1704 3448 Caroli
1746 3399 1803 3448 R.
1847 3399 1908 3448 de
1940 3414 1987 3447 a.
2028 3394 2188 3447 1327

252 3480 356 3537 (lx.
391 3498 433 3528 v.
473 3479 526 3530 6.
562 3498 611 3545 p.
649 3480 757 3550 82)
790 3483 1018 3532 insertae.
