2358 3874
1987 194 2110 247 XLl

175 324 372 378 bilibus
413 324 775 393 peticionibus
813 342 939 393 ymo
978 326 1192 378 iusticie
1235 334 1563 391 annuenteS‚
1601 343 1840 379 unacum
1888 326 2110 395 prefato

175 412 450 483 Magistro
489 410 729 464 Martino
768 411 988 464 homine
1028 423 1220 465 vestro
1262 414 1590 484 magistrum
1625 413 1981 466 Valentinum
2020 431 2108 467 so-

174 500 315 554 cium
356 508 410 551 et
447 499 879 551 concanonicum
937 499 1173 552 ecclesie
1212 510 1404 553 nostre
1443 501 1665 567 (nostro
1703 518 1828 552 cum
1867 502 2109 552 testimo-

173 587 262 639 nio
301 586 535 639 fideliter
574 588 897 656 peragenda
935 588 1340 639 transmisimus
1374 587 1707 658 fidedignum
1748 587 1866 657 qui)
1895 589 2111 639 demum

172 676 243 727 ad
281 691 385 726 nos
435 675 631 726 exinde
688 675 901 726 reversi
957 675 1118 727 nobis
1171 676 1520 728 concorditer
1569 674 1909 738 retulerunt,
1963 676 2109 744 quod

171 762 456 831 predictus
493 761 658 812 homo
700 770 889 812 vester
939 770 1202 829 presente
1242 764 1491 830 predicto
1551 771 1743 813 nostro
1797 762 2108 814 testimonio

171 848 313 906 feria
352 850 597 900 secunda
637 855 765 916 post
804 848 1128 900 dominicam
1154 849 1660 918 Ramispalmarum
1701 852 1769 902 de
1805 867 1952 902 nouo
1985 867 2109 918 pre«

172 936 334 987 terita
374 937 445 986 ad
483 933 685 986 faciem
739 935 993 987 iamdicte
1040 938 1422 1003 possessionis
1462 938 1679 991 Zantou
1731 938 1840 991 alio
1891 937 2109 990 nomine

170 1022 481 1081 Isouteleke
521 1022 798 1093 appellate
852 1031 905 1074 et
944 1031 1089 1074 terre
1130 1023 1292 1075 Veek
1344 1034 1545 1078 vocate
1599 1043 1668 1078 ac
1707 1025 2108 1094 pertinencium

172 1112 244 1163 ad
283 1112 508 1163 easdem
544 1110 741 1163 vicinis
793 1118 847 1162 et
887 1112 1311 1175 (commetaneis
1360 1111 1660 1167 earundem
1698 1112 1827 1165 inibi
1863 1112 2110 1183 legitime

172 1198 492 1251 convocatis
546 1210 600 1249 et
652 1198 1033 1266 presentibus)
1087 1200 1438 1263 accedendO,
1479 1199 1632 1252 facta
1672 1200 1826 1269 prius
1863 1199 2109 1269 legitima

170 1285 613 1341 reambulacione
655 1286 974 1348 earundem,
1013 1285 1172 1353 ipsas
1212 1304 1334 1337 cum
1368 1287 1619 1339 omnibus
1646 1288 1762 1338 suis
1787 1286 2112 1339 vtilitatibus

169 1373 224 1430 in
263 1372 407 1425 facie
447 1373 744 1424 earundem
797 1371 998 1424 habitis
1055 1373 1382 1425 statuissent
1432 1373 1651 1442 prefato
1703 1373 1979 1443 Magistro
2018 1373 2112 1425 Ni„

170 1459 331 1510 colao
372 1468 426 1510 et
464 1459 580 1511 suis
618 1459 934 1524 heredibuS,
977 1477 1043 1511 eo
1071 1459 1204 1512 Jure
1244 1478 1354 1535 quo
1395 1462 1500 1518 sibi
1540 1479 1610 1513 ex
1643 1462 1920 1530 premisso
1949 1460 2106 1513 titulo

170 1547 588 1599 dinoscerentur
626 1547 909 1615 pertinere
938 1556 1213 1617 perpetuo
1241 1549 1629 1616 posside11daS‚
1662 1548 2112 1600 contradiccione

171 1665 239 1672 --
421 1664 484 1672 —-
664 1663 729 1671 -—
912 1665 975 1672 ——
1158 1666 1222 1673 —-
1403 1666 1467 1673 —-
1649 1666 1714 1672 —-
1898 1666 1961 1672 -
1999 1652 2110 1686 non

171 1724 444 1786 obstante,
483 1722 686 1774 Datum
728 1722 902 1774 tercio
957 1722 1043 1774 (lie
1098 1724 1427 1776 statucionis
1480 1731 1772 1792 prenotate
1813 1721 1976 1774 Anno
2016 1724 2110 1774 do-

171 1811 300 1862 mini
336 1811 432 1862 Μο
452 1809 682 1863 CCCmo
713 1809 1140 1879 Septuagesimo
1181 1820 1363 1863 sexto.
1405 1811 1617 1870 Quibus
1657 1811 1874 1880 quidem
1913 1809 2112 1861 litteris

171 1899 449 1963 exhibitis,
491 1899 632 1958 Quia
673 1897 924 1967 prefatus
963 1898 1128 1950 homo
1168 1908 1359 1955 noster
1394 1908 1656 1967 presente
1675 1884 1931 1966 ¹predicto
1959 1897 2112 1949 testi·

171 1988 353 2040 monio
393 1987 641 2039 annotati
681 1984 922 2054 Capituli
971 1986 1211 2038 ecclesie
1251 1986 1543 2051 AlbensiS,
1599 1986 1829 2041 termino
1884 1986 1937 2038 in
1986 2001 2112 2053 pre-

158 2074 302 2145 fixo,
342 2076 411 2126 ad
452 2073 630 2126 facies
668 2074 923 2126 iamdicte
964 2074 1342 2142 possessionis
1381 2073 1598 2126 Zantou
1800 2103 1860 2116 —÷-
2040 2103 2114 2120 -—-2

173 2192 244 2202 ...-
458 2192 523 2200 ,-
747 2192 810 2199 -
1030 2193 1086 2198 —
1305 2191 1369 2199 ——
1552 2191 1615 2199 ...-
1805 2190 1862 2199 --
2043 2189 2110 2202 Ψη-

177 2280 240 2288 ——e
458 2280 526 2286 -——-
744 2279 808 2286 -α
1030 2279 1091 2285 ..-
1305 2279 1367 2285 .-
1551 2278 1614 2286 —
1794 2277 1864 2284 ,ῃ-
2042 2276 2107 2284 .-

576 2337 910 2399 accessisse,
951 2337 1219 2406 ipsasque
1258 2335 1414 2388 facta
1452 2336 1608 2405 prius
1647 2335 1896 2406 legitima
1933 2350 2113 2386 ream?

173 2424 465 2480 bulacione
505 2425 823 2488 earundem,
859 2442 988 2481 cum
1029 2424 1280 2476 omnibus
1319 2424 1436 2476 suis
1476 2423 1832 2486 volitantibus,
1872 2423 1926 2475 in
1966 2421 2114 2475 facie

174 2514 475 2570 earundem
528 2511 755 2574 habitis,
812 2511 1036 2580 prefata
1073 2511 1356 2582 Magistro
1395 2511 1627 2563 Nicolao
1666 2510 1777 2563 filio
1817 2509 2012 2562 Lachk
2062 2518 2116 2560 et

173 2601 290 2651 suis
329 2599 640 2663 heredibuS‚
683 2616 751 2651 eo
791 2599 926 2651 Jure
966 2617 1075 2668 quo
1118 2600 1222 2652 sibi
1261 2617 1329 2650 ex
1367 2599 1641 2667 premisso
1677 2598 1835 2649 titulo
1864 2597 2115 2649 dinosce-

174 2694 366 2738 rentur
415 2686 693 2754 pertinere
733 2687 1032 2755 (perpetuo
1074 2687 1443 2755 possidendas
1496 2685 1940 2739 contradiccione
1990 2701 2114 2753 prev

171 2773 413 2827 fatorum
451 2773 732 2827 Valentini
781 2784 836 2826 et
873 2774 1145 2827 Johannis
1197 2792 1267 2827 ac
1306 2775 1536 2838 alterius
1575 2773 1846 2826 Johannis
1886 2780 1942 2824 et
1980 2770 2114 2824 alio-2

173 2879 295 2916 rum
349 2862 716 2937 quorumlibet
761 2880 872 2914 non
925 2864 1180 2915 obstante
1200 2901 1214 2927 ,
1276 2863 1430 2914 iuxta
1487 2862 1816 2931 premissam
1867 2867 2115 2913 nostram

172 2948 527 3002 Judiciariam
566 2948 1024 3005 commissionem
1071 2950 1335 3003 statuisse
1376 2967 1446 3001 ex
1484 2949 1628 3001 serie
1675 2947 2112 3016 prescriptarum

172 3036 478 3088 litterarum
545 3037 674 3090 dicti
742 3036 983 3106 Capituli
1049 3038 1312 3095 Albensis
1384 3036 1893 3104 rescripcionalium
1965 3034 2116 3086 clare

175 3123 657 3186 adinueniebatur‚
718 3124 830 3177 Pro
897 3143 965 3179 eo
1013 3143 1116 3178 nos
1163 3127 1392 3181 easdem
1438 3124 1852 3192 possessionem
1900 3121 2117 3173 Zantou

175 3210 284 3265 alio
332 3212 549 3264 nomine
587 3211 900 3264 lsouteleke
957 3221 1011 3263 et
1056 3221 1262 3264 terram
1302 3211 1486 3266 Week
1544 3210 1992 3278 pertinentesque
2045 3210 2116 3269 ad

176 3300 399 3350 easdem
439 3300 724 3368 prelibatis
773 3299 1052 3370 Magistro
1092 3298 1324 3352 Nicolao
1365 3297 1477 3350 filio
1517 3295 1714 3349 Lachk
1752 3325 1818 3333 —
1903 3326 1966 3341 -—.
2049 3326 2114 3332 --

180 3414 245 3423 —
427 3417 492 3424 —-
672 3418 733 3425 -—-
919 3416 981 3423 —-
1165 3417 1230 3424 —
1268 3394 1323 3437 et
1361 3402 1465 3454 per
1505 3401 1605 3438 eos
1643 3384 1762 3436 suis
1800 3382 2116 3446 heredibuS,

177 3471 553 3543 heredumque
593 3491 819 3528 suorum
858 3473 1296 3538 successor-ihm,
1333 3490 1456 3526 cum
1508 3472 1923 3542 quibuscunque
1968 3470 2116 3543 ipsa÷
