2358 3874
1985 205 2063 257 IX

129 347 328 408 quarta
367 346 526 406 parte
564 335 674 388 filie
714 336 958 389 eiusdem
1000 337 1217 389 domine
1257 339 1325 389 de
1378 346 1525 390 terra
1574 338 1808 406 predicti
1850 338 2061 391 Mortu-

126 442 231 478 nus
269 425 682 496 quatuordecim
726 424 926 494 iugera
964 442 1072 493 que
1112 425 1263 476 arari
1300 434 1558 494 possunt.
1608 426 1743 477 Item
1796 427 1943 477 dedit
1992 428 2061 479 de

126 513 270 566 silua
306 513 452 582 quod
492 513 738 565 continet
777 514 884 564 duo
923 512 1140 582 iugera.
1196 513 1329 564 Item
1369 513 1514 565 dedit
1562 521 1690 565 octo
1741 513 1940 583 iugera
1992 516 2060 566 de

126 600 314 654 feneto
354 608 408 652 et
448 602 515 652 de
554 600 783 669 pascuis
821 601 1005 652 boum.
1046 600 1178 651 Item
1221 600 1369 652 dedit
1407 601 1475 652 de
1514 602 1859 664 arundineto,
1899 609 1953 652 et
1993 603 2060 653 de

124 687 421 758 paludibus
459 704 566 757 que
605 696 733 740 sunt
771 686 914 740 infra
950 687 1258 755 predictam
1296 696 1522 740 terram.
1561 689 1693 740 Item
1724 689 1868 740 dedit
1891 706 2060 741 unum

122 792 347 828 seruum
385 776 603 827 nomine
635 775 886 844 Holmey.
929 773 1418 827 Conterminalium
1457 793 1591 829 vero
1623 776 1872 845 predicte
1910 785 2059 829 terre

121 864 174 916 in
216 881 447 933 quorum
486 863 782 931 presencia
819 862 923 914 hec
966 862 1180 914 solucio
1220 861 1371 915 facta
1411 872 1496 915 est
1520 863 1626 916 hec
1658 873 1784 915 sunt
1816 864 2058 916 nomina.

120 951 350 1021 Remig,
390 950 712 1014 MortunuS,
754 949 926 1014 Paul,
965 949 1162 1020 Degu‚
1204 949 1482 1002 Basilleus
1523 951 1671 1002 filius
1712 951 1927 1016 Buzad‚
1968 952 2059 1021 qui

122 1039 319 1091 dicitur
356 1037 532 1090 fuisse
571 1037 874 1106 pristaldus
914 1046 968 1089 et
1005 1044 1195 1090 comes
1232 1037 1400 1089 latus·
1439 1038 1574 1091 Item
1607 1047 1919 1091 statuerunt
1953 1041 2057 1092 sub
2134 1043 2138 1046 '

119 1144 266 1196 pena
304 1128 494 1179 decem
534 1142 878 1189 marcarum,
930 1127 1075 1195 quod
1123 1125 1308 1178 nullus
1347 1143 1538 1178 eorum
1577 1136 1731 1179 esset
1767 1143 1941 1179 ausus
1978 1127 2057 1178 in-

116 1213 364 1285 fringere
408 1213 710 1283 predictam
749 1214 1237 1282 composicionem.
1294 1213 1441 1266 dicta
1487 1231 1623 1266 uero
1668 1215 1888 1267 domina
1925 1231 2052 1282 pre-

79 1340 83 1345 ·
118 1301 318 1354 dictam
357 1310 564 1353 terram
605 1318 730 1353 cum
772 1302 887 1353 suis
927 1301 1284 1371 pertinencijs
1341 1310 1396 1354 et
1447 1304 1885 1372 prenominatum
1940 1319 2056 1354 ser-

117 1407 246 1441 uum
286 1389 433 1441 dedit
471 1406 659 1441 coram
696 1389 857 1441 nobis
897 1403 951 1441 et
989 1406 1178 1441 coram
1221 1390 1619 1458 prenominatis
1646 1391 1781 1442 uiris
1811 1390 1920 1443 filie
1956 1406 2057 1442 sue

117 1484 174 1530 et
210 1493 422 1547 genero
460 1492 563 1527 suo
601 1476 820 1528 nomine
854 1475 1108 1528 Damasa
1129 1478 1179 1545 ³)
1217 1476 1605 1546 inperpetuum
1645 1478 2058 1547 possidendum.

115 1564 228 1617 Ista
269 1563 482 1617 solucio
523 1571 577 1615 et
615 1563 849 1616 donacio
888 1562 1042 1616 sacta
1082 1571 1168 1615 est
1214 1571 1465 1633 tempore
1520 1565 1674 1636 regis
1712 1565 1870 1617 Bele.
1938 1564 2058 1617 Nos

115 1670 253 1705 uero
293 1654 362 1705 ad
401 1651 718 1704 instantiam
755 1651 1042 1721 utriusque
1081 1653 1261 1720 partis
1301 1653 1550 1705 dedimus
1588 1653 1802 1705 litteras
1830 1660 2057 1704 nostras

117 1741 188 1792 ad
227 1740 678 1792 recordacionem
714 1739 879 1791 huius
917 1738 1053 1791 facti
1093 1739 1283 1811 sigillo
1324 1749 1518 1793 nostro
1547 1743 1861 1793 roboratas,
1892 1739 2053 1792 Anno

114 1828 320 1880 domini
357 1827 530 1880 Mmo.
556 1827 759 1880 CCmo.
789 1826 999 1879 XLmo.
1040 1829 1232 1881 tercio.
1298 1828 1566 1881 Perlectis
1616 1828 1785 1898 igitur
1822 1827 1932 1879 illis
1970 1826 2055 1879 lit-

116 1917 250 1969 teris
289 1916 534 1969 constitit
569 1916 754 1977 nobiS‚
795 1918 939 1985 quod
979 1917 1159 1968 dictus
1195 1915 1496 1969 Damasius
1532 1916 1716 1983 ipsam
1757 1923 1961 1967 terram
2000 1915 2054 1967 in

114 2021 258 2073 pace
297 2006 368 2056 ab
409 2003 566 2055 annis
607 2005 892 2056 duodecim
944 2005 1231 2055 tenuisset.
1303 2004 1460 2063 Quas
1513 2021 1637 2056 eum
1689 2005 1848 2072 ydem
1888 2002 2055 2065 Juan,

113 2092 286 2161 Heym
326 2101 380 2144 et
409 2091 835 2144 Bartholomeus
874 2092 1143 2144 dixissent
1178 2091 1497 2144 nullatenus
1538 2107 1667 2144 esse
1699 2090 1896 2154 falsaS,
1927 2090 2053 2159 quia

17 2230 35 2245 x
115 2196 151 2232 a
188 2188 345 2232 tanto
384 2180 648 2248 temporis
695 2181 921 2249 spaci0‚
972 2180 1101 2232 licet
1148 2181 1311 2249 ydem
1363 2187 1655 2248 presentes
1692 2177 1723 2229 f
1754 2213 2054 2230 ......

30 2330 33 2332 ,
94 2264 320 2320 ¹factum
359 2268 503 2320 dicte
543 2276 692 2319 terre
734 2270 836 2320 sub
877 2268 1108 2320 silencio
1153 2268 1517 2331 transierunt,
1565 2265 1902 2318 nominatum
1940 2264 2054 2317 Da-

114 2356 348 2409 masium
401 2356 472 2407 ab
522 2355 870 2423 impeticione
920 2355 1173 2424 ipsorum
1209 2354 1626 2408 sentencialiter
1666 2354 1921 2406 duximus
1960 2354 2054 2405 ab·

113 2442 438 2496 soluendum
467 2445 518 2512 4)
556 2443 610 2494 iu
649 2451 979 2511 perpetuam
1020 2442 1336 2495 firmitatem
1382 2442 1602 2494 litteras
1641 2440 1881 2510 Capituli
1928 2457 2053 2510 pre-

115 2533 326 2594 dictaS‚
377 2531 726 2599 presentibus
779 2530 1202 2595 confirmanteS‚
1263 2539 1317 2582 et
1375 2529 1546 2600 sigilli
1589 2531 1766 2581 nostri
1818 2528 2055 2597 duplicis

115 2619 407 2671 munimine
445 2620 795 2671 roboranteS.
836 2618 1044 2670 Datum
1083 2635 1187 2686 per
1226 2635 1422 2670 manus
1461 2617 1717 2687 magistri
1758 2615 2055 2685 Smaragdi

114 2698 376 2760 Albensis
416 2705 654 2758 ecclesie
695 2705 856 2758 electi
894 2705 1037 2758 Aule
1075 2715 1267 2758 nostre
1301 2704 1747 2773 vicecancellarij
1790 2703 1972 2755 dilecti
2001 2710 2055 2754 et

114 2794 290 2846 fidelis
328 2794 523 2847 nostri.
589 2792 752 2846 Anno
804 2793 1006 2845 domini
1044 2793 1358 2845 Millesimo.
1416 2792 1845 2845 Ducentesimo.»
1886 2790 2054 2850 Quin-

115 2881 439 2952 quagesimo
482 2881 687 2951 quinto.
748 2880 922 2934 Sexto
960 2898 1140 2935 nonas
1179 2881 1458 2934 Octobris·
1510 2880 1697 2950 Regni
1736 2887 1919 2932 autem
1957 2896 2056 2932 no-

115 2969 215 3020 stri
253 2967 415 3020 Anno
453 2969 738 3021 vicesimo.

266 3186 312 3246 3)
339 3188 486 3245 Atque
538 3201 562 3232 a
608 3188 796 3234 Damasa
845 3190 933 3235 hoc
979 3191 1112 3236 terris
1154 3204 1278 3236 nunc
1322 3190 1598 3236 enumeratis
1638 3201 1806 3233 nomen
1835 3186 2054 3231 Damazer

115 3260 287 3306 Karcha
329 3266 374 3304 et
412 3259 488 3303 Kis
529 3259 735 3319 Kiralyfia
764 3261 937 3307 Karcha
977 3263 1198 3307 adhaesit.

264 3331 311 3391 4)
339 3332 421 3391 Agi
446 3332 598 3390 itaque
626 3332 681 3377 ad
708 3333 1049 3388 invalidandam,
1079 3340 1131 3379 ut
1157 3348 1241 3379 nos
1270 3333 1514 3393 loquimur,
1545 3333 1791 3379 fassionem
1819 3343 2054 3391 perenna—

116 3405 204 3450 lem
244 3406 361 3451 intra
401 3418 545 3450 annos
585 3404 733 3450 solum
774 3405 1016 3452 duodecim
1040 3406 1100 3452 ‘ab
1129 3419 1181 3452 ea
1212 3405 1438 3453 celebrata
1467 3407 1614 3467 potuit
1645 3410 1792 3451 aetate
1819 3403 1953 3448 Belae
1982 3403 2050 3446 IV.
