2358 3874
1981 196 2098 263 1111

1065 398 1107 472 ,ξ
1150 416 1210 455 ο.

165 537 326 580 retro
372 529 537 593 lapsa
584 537 723 577 sunt
763 527 985 587 omnia3
1034 529 1275 579 ruentis
1306 527 1693 592 reipublicae
1724 528 2095 592 praesidium

391 613 450 661 in
498 612 899 661 coronatione
947 611 1061 659 filii
1108 610 1240 674 ejus
1287 612 1464 672 Belae
1518 613 1879 676 quaesitum.

335 769 451 831 His
484 770 749 832 moribus
799 790 976 853 quum
1010 780 1201 842 esset,
1251 768 1309 829 in
1350 768 1685 853 deligendis
1719 793 1858 832 vero
1899 771 2097 855 Magi-

165 854 457 916 stratibus
490 855 580 915 sic
620 865 680 915 et
718 876 753 914 a
791 851 1039 914 consilio
1080 864 1140 913 et
1182 875 1216 912 a
1255 852 1494 914 fortuna
1534 854 1989 930 destitueretur,
2031 868 2098 916 ut

163 938 425 1023 palatina
455 937 807 1023 praesertim
839 936 1034 998 officia
1064 934 1403 997 hominibus
1436 937 1761 1013 mandaret,
1789 939 1886 1023 qui
1910 938 2098 1000 indul-

137 1022 368 1105 gentia
399 1026 562 1107 ejuS,
613 1021 692 1083 ad
733 1044 842 1082 sua
876 1016 1220 1105 compendia
1264 1021 1709 1105 communisque
1754 1045 1871 1083 non
1903 1023 2097 1083 minus

161 1106 486 1181 libertatiS,
529 1128 702 1191 quam
740 1105 949 1189 regiae
988 1103 1232 1166 exitium
1270 1104 1647 1172 auctoritatis
1687 1105 2098 1177 abuterentur,

72 1260 75 1261 ⁷
162 1213 370 1275 parum
415 1191 658 1274 effugit,
712 1190 850 1274 quin
891 1188 1130 1251 ordines
1175 1188 1369 1273 Regni
1413 1188 1694 1273 ingratiis
1737 1193 1864 1286 ejus
1912 1190 2097 1254 filium

165 1275 370 1335 Belam
406 1274 643 1336 vixdum
677 1273 1028 1349 decennem,
1083 1272 1190 1334 sed
1222 1273 1319 1358 qui
1361 1274 1454 1334 vel
1497 1273 1555 1334 in
1596 1286 1819 1336 teneris
1853 1274 2099 1337 meliora

160 1358 553 1443 promitteret,
585 1361 816 1442 Regem
849 1369 1220 1419 coronarent.
1267 1358 1626 1420 Intercessit
1664 1370 1788 1427 tum
1816 1359 2097 1423 Pontifex

161 1465 270 1526 per
300 1440 607 1511 Andream
638 1442 1071 1527 interpellatus»,
1095 1441 1547 1526 Episcoposque
1579 1466 1612 1503 a
1644 1442 1931 1509 societate
1959 1467 2096 1505 con-

163 1526 280 1587 silii
310 1525 487 1611 hujus
518 1525 836 1611 prohibuit.
890 1529 1033 1587 Non
1066 1526 1249 1587 multo
1279 1537 1417 1610 post
1446 1538 1641 1588 tamen
1664 1529 1794 1588 Rex
1826 1550 1938 1588 sua
1966 1527 2097 1612 ipse

163 1622 374 1696 sponte
409 1610 737 1686 concessit,
784 1608 939 1694 quod
983 1622 1158 1671 antea
1188 1622 1532 1685 recusarat,
1565 1622 1866 1694 potestate
1906 1610 2097 1695 Regis

153 1695 415 1778 junioris
452 1694 564 1772 (ita
595 1694 749 1755 enim
781 1694 943 1754 illu-m
977 1693 1258 1780 appellari
1282 1694 1531 1779 placuit)
1562 1718 1678 1757 non
1710 1707 1941 1757 tantum
1966 1696 2097 1756 nul-

162 1778 235 1839 lis
269 1778 703 1840 conditionibus
735 1777 1016 1854 limitata,
1062 1778 1169 1839 sed
1198 1778 1259 1838 in
1289 1801 1442 1840 novo
1486 1778 1713 1854 sio-illo,
1752 1778 1916 1862 ⁴quod
1958 1792 2098 1864 post

163 1862 401 1924 caedem
448 1862 697 1947 reginae
749 1862 807 1922 in
857 1863 1047 1923 locum
1078 1861 1295 1947 prioris
1340 1874 1484 1923 tunc
1532 1829 1854 1947 deperditi,
1903 1862 2097 1947 sculpi

153 1950 458 2031 jusserat,
512 1949 641 2031 ejus
690 1946 828 2008 item
862 1949 1145 2008 Protoma
1187 1947 1428 2030 galeata
1471 1969 1541 2007 ac
1572 1946 1882 2032 epigraphi
1912 1947 2096 2008 Belae

165 2030 377 2115 Regis,
409 2031 601 2092 instar
632 2029 1073 2115 contra-sigilli,
1107 2029 1352 2114 adjecta.
1399 2030 1623 2092 Eodem
1654 2042 1922 2116 tempore
1954 2031 2097 2092 alte-

161 2139 289 2176 rum
333 2114 516 2176 filium
541 2115 988 2191 Colomannum,
1030 2127 1093 2176 ut
1135 2113 1531 2176 Gallicienses
1564 2116 1879 2199 Principes
1912 2137 2096 2200 popu-

163 2199 376 2284 lusque
450 2198 811 2275 ostulabant,
854 2203 1081 2283 Regem
1115 2197 1208 2259 his
1242 2197 1429 2274 dedit,
1466 2221 1758 2260 concessu
1782 2199 2096 2260 Pontificis

161 2306 268 2368 per
285 2222 816 2368 Ar'cliiepiscopum
837 2283 1318 2367 'Strigoniensem
1344 2294 1710 2355 coronatum,
1737 2281 1907 2367 eique
1931 2306 2097 2345 soro-

160 2389 284 2429 rem
317 2367 505 2452 Regis
539 2367 825 2431 Poloniae
857 2369 1231 2430 Salomaeam
1264 2369 1580 2451 conjugem
1604 2365 1852 2451 delegit.

1053 2571 1243 2645 §a

324 2721 403 2770 Ex
449 2721 670 2770 itinere
716 2720 775 2769 in
820 2719 1232 2790 Palaestinam
1281 2725 1573 2783 suscepto
1619 2734 1932 2778 reversuS,

336 2881 455 2938 Per
487 2879 724 2962 legatos
739 2877 1029 2940 Ordinum
1061 2877 1291 2962 imperii
1329 2876 1495 2937 latini
1528 2874 1600 2937 ad
1641 2876 2091 2961 capessendum,

162 2959 314 3045 quod
349 2985 382 3021 a
414 2974 600 3023 morte
631 2962 878 3023 Henrici
912 2961 1180 3037 vacabat,
1208 2961 1420 3022 solium
1451 2959 1761 3033 invitatus3
1797 2983 1927 3021 cum
1954 2983 2090 3021 con-

162 3045 302 3106 sulti
334 3044 486 3105 hanc
516 3045 573 3105 in
606 3069 729 3107 rem
761 3049 885 3106 PP.
916 3049 999 3107 Μ.
1033 3068 1385 3131 responsum
1427 3043 1770 3127 ambiguum
1801 3043 1957 3105 haud
1989 3044 2091 3105 du-

161 3129 256 3190 bie
288 3131 457 3190 Petri
489 3129 995 3191 Antisidor‘iensis
1027 3129 1276 3192 Comitis
1308 3129 1564 3212 gratiam
1597 3140 1915 3213 spectaret,
1962 3132 2090 3186 An-

162 3212 336 3274 dreas
391 3210 464 3272 ad
512 3211 858 3274 solvendum
903 3214 1142 3277 tandem
1190 3224 1390 3274 votum
1440 3234 1648 3272 sacrae
1696 3209 2087 3295 expeditionis

164 3295 418 3357 animum
451 3296 689 3381 appulit.
751 3296 1108 3381 Conscripto
1151 3297 1351 3379 itaque
1383 3294 1679 3367 exercitu,
1731 3295 1915 3377 cujus
1947 3317 2087 3380 pars

163 3403 381 3464 magna
412 3379 600 3442 Siculi
631 3383 1023 3463 Saxonesque
1067 3380 1330 3451 fuerant,
1386 3377 1677 3460 factisque
1731 3375 1804 3438 ad
1852 3389 2088 3438 sumtus

162 3464 391 3526 itineris
424 3463 779 3539 nominibuS,
819 3486 887 3525 ac
912 3467 1311 3538 Venetarum,
1344 3460 1896 3545 Anconitarumque
1927 3461 2087 3522 navi-
