2358 3874
312 241 431 298 174

307 401 422 440 nus
443 385 494 458 2)
534 391 594 441 et
626 400 839 440 rursus
871 381 1077 438 Banus
1103 382 1155 454 3)
1192 374 1449 460 bellique
1487 388 1696 439 contra
1731 376 2103 440 Fridericum
2145 399 2250 476 pa-

306 463 451 525 trati
487 461 633 536 dux;
667 461 940 524 diversos
965 471 1280 547 praeterea
1312 459 1646 522 Comitatus
1697 473 1758 523 et
1786 462 1986 525 Aulae
2016 465 2250 548 Regiae

306 547 715 633 Magistratus
749 569 818 609 ea
849 544 1104 608 nominis
1136 544 1329 607 tenuit
1359 543 1574 629 gloria,
1614 554 1680 606 ut
1709 546 1867 609 inter
1899 570 2104 611 omnes
2135 551 2252 610 Be-

306 632 399 695 lae
432 636 542 695 1V.
575 634 849 693 Barones
894 628 1113 692 nemini
1142 629 1259 691 fide
1310 628 1638 702 secundus3
1682 631 1743 691 in
1782 628 2082 696 reddendo
2112 636 2252 718 jure

307 739 586 789 severus3
619 716 678 776 in
712 712 1122 776 conversando
1156 726 1536 786 mansuetus3
1569 713 1684 810 ipsi
1716 712 1970 801 denique
1992 717 2251 814 Stepha-

306 824 381 863 no
413 804 493 863 V.
528 799 893 861 naturalis
937 798 1151 884 regni
1205 799 1530 860 columna
1561 795 1876 860 diceretur.
1905 803 2002 862 Ex
2031 803 2248 886 qulbus

303 883 560 968 intelligi
587 907 696 970 par
710 896 829 946 est:
855 882 929 947 ad
955 882 1414 971 perpetuitatem
1434 882 1736 946 felicitatis
1757 885 2111 969 Hungariae
2131 910 2251 949 non

299 968 614 1054 judicium,
647 992 765 1031 non
798 991 995 1031 mores
1026 969 1271 1054 populo,
1315 967 1422 1030 sed
1454 967 1760 1031 Rolandos
1792 967 2073 1033 defuisse.
2138 973 2253 1034 Co-

305 1053 488 1115 mitiis
520 1053 638 1114 illis
672 1052 1062 1115 constitutum
1087 1053 1282 1128 simul,
1317 1065 1381 1115 ut
1404 1053 1828 1138 possessiones
1854 1055 2254 1139 quorumlibet

303 1138 589 1201 nobilium
620 1136 881 1200 indebite
921 1138 1214 1200 alienatae
1246 1144 1630 1223 (occupatae)
1674 1137 2032 1217 reddantur,
2074 1140 2253 1203 resti-

303 1235 669 1308 tuanturque
700 1221 858 1285 omni
877 1225 1020 1307 jure
1039 1228 1110 1301 4).

304 1499 533 1546 cerant“.
570 1494 665 1555 „ln
696 1494 948 1543 communi
978 1495 1359 1559 congregatione
1391 1503 1440 1545 et
1470 1496 1822 1546 convocatione
1851 1497 2072 1547 omnium
2091 1496 2250 1548 Nobi-

300 1582 420 1630 lium
452 1586 500 1629 et
530 1579 796 1629 Procerum
827 1579 1012 1643 regni“
1054 1579 1202 1629 habet
1231 1595 1391 1629 nurus
1433 1580 1540 1645 ejus
1573 1580 1883 1641 Elis-ababa,
1926 1597 2052 1646 quae
2091 1583 2142 1632 in
2172 1583 2245 1632 lit.
2339 1615 2345 1624 ι

302 1680 393 1729 per
423 1664 721 1713 Kovachich.
763 1663 813 1712 in
856 1671 978 1713 vest.
1014 1664 1156 1713 Com.
1196 1681 1246 1728 p.
1287 1659 1404 1713 146
1439 1665 1599 1715 citatis
1632 1666 1692 1714 de
1724 1666 1902 1715 horum
1933 1665 2041 1731 lege
2075 1666 2249 1717 Comi-

302 1749 486 1798 tiorum
517 1748 756 1813 loquitur.

481 1865 528 1923 2)
560 1862 677 1911 Bela
708 1856 796 1912 IV.
832 1862 966 1927 Rege
998 1878 1042 1911 a.
1083 1859 1238 1912 1251
1277 1863 1395 1912 item
1432 1860 1592 1912 1252
1622 1892 1691 1899 -—
1718 1861 1878 1913 1255
1912 1872 1961 1914 et
1991 1878 2169 1914 rursus
2200 1881 2246 1915 a.

306 1941 486 1996 1264.
522 1947 665 2005 Quod
697 1946 1003 2011 temporibus
1033 1947 1112 1996 his
1143 1948 1390 2008 usuvenit,
1423 1948 1604 1997 indicio
1635 1948 1980 2012 plurimarum,
2015 1955 2162 2015 atque
2193 1948 2246 1999 in

300 2031 379 2081 his
411 2032 556 2081 etiam
586 2031 842 2081 literarum
872 2031 1078 2081 Dionisii
1117 2038 1194 2081 ter
1222 2031 1425 2081 Palatini
1455 2033 1538 2081 IX.
1577 2031 1631 2082 7.
1666 2048 1718 2097 p.
1756 2030 1898 2084 662.
1993 2031 2001 2033 i

479 2147 526 2208 3)
559 2146 724 2195 Banus
755 2146 847 2196 fuit
876 2161 921 2196 a.
960 2141 1124 2196 1264·
1150 2144 1432 2206 ---1266,
1466 2154 1515 2196 et
1543 2162 1721 2196 rursus
1747 2143 1907 2198 1270
1939 2155 2106 2198 cetera
2134 2148 2244 2198 vide

302 2230 371 2280 sis
407 2229 531 2280 Cod.
566 2230 697 2295 Dipl.
733 2230 792 2280 T.
824 2230 925 2280 VII.
958 2247 1004 2280 v.
1041 2229 1097 2280 2.

476 2333 526 2390 4)
557 2331 614 2380 In
643 2329 798 2379 literis
830 2330 891 2380 ad
923 2328 1014 2393 (1)
1049 2331 1208 2381 citatis
1240 2330 1550 2381 Elisabethae
1583 2347 1739 2381 nurus
1778 2330 2014 2397 Stephani
2045 2333 2099 2382 V.

1194 2524 1338 2601 §a

302 2676 562 2726 Tabulae
608 2676 779 2742 pacis
825 2676 992 2726 inter
1036 2692 1166 2726 eum
1213 2684 1270 2726 et
1309 2676 1662 2727 Ottoc'arum
1710 2678 1907 2743 pridie
1952 2678 2096 2729 Idus
2132 2677 2246 2727 Ju-

429 2761 543 2810 lias
589 2777 634 2811 a.
688 2758 869 2811 1271
929 2761 1144 2821 initae,
1193 2768 1435 2821 cuncta,
1484 2778 1631 2827 quae
1677 2763 1748 2812 de
1793 2763 2115 2813 territorio

655 2846 926 2895 Coronae
972 2844 1320 2911 Hungariae
1365 2846 1558 2896 adhuc
1604 2847 1888 2907 diximus,

472 3006 641 3064 Inter
670 3001 1047 3089 Stephanum
1077 3015 1139 3066 et
1162 3005 1517 3068 Ottocarum
1543 3002 1932 3082 Bohaemum‚
1967 3004 2121 3091 quod
2148 3003 2244 3068 hic

301 3085 654 3150 thesaurum
683 3090 919 3173 regium
950 3110 1058 3173 per
1078 3091 1322 3150 Annam
1346 3087 1639 3174 Stephani
1663 3113 1932 3152 sororem
1953 3089 2243 3153 Ratislavi

297 3171 488 3234 Ducis
521 3170 809 3235 Galliciae
840 3184 1200 3247 consortem,
1235 3181 1477 3254 (socrus
1521 3171 1670 3235 haec
1711 3174 1908 3236 suerat
1939 3175 2241 3253 Ottocari)

301 3255 484 3319 invito
517 3257 703 3319 fratre
748 3256 821 3318 ad
866 3279 933 3318 se
966 3256 1228 3320 ablatum
1275 3257 1525 3320 reddere
1577 3271 1925 3335 cunctatUS‚
1968 3262 2241 3322 Barones

299 3353 636 3426 praeterea,
682 3353 960 3403 auctores
994 3342 1091 3426 qui
1124 3353 1297 3404 erant
1328 3341 1558 3404 dissidii
1597 3343 1756 3406 inter
1783 3344 1992 3407 Belam
2024 3346 2136 3406 1V.
2181 3355 2243 3406 et

301 3424 669 3509 Stephanum
702 3425 881 3502 enati,
907 3426 981 3488 ad
1013 3449 1080 3488 se
1105 3427 1394 3512 profugos
1425 3427 1702 3490 lubenter
1732 3428 1976 3514 recepit,
2009 3449 2241 3490 eorum-

302 3531 417 3591 que
448 3508 667 3570 auxilio
699 3510 850 3572 lines
881 3510 1056 3593 regni
1087 3510 1376 3575 infestare
1408 3535 1526 3574 non
1557 3511 1755 3586 desiit,
1794 3534 1972 3596 quum
2005 3511 2241 3576 mitiora
