2358 3874
1954 223 2032 280 77

130 378 396 440 burgenses
435 349 692 438 quamdam
742 372 1116 422 necessitudinis
1161 373 1374 437 speciem
1404 372 1588 422 habuit.
1642 371 1753 421 Vide
1787 372 2031 422 Chonradi

131 462 269 510 vitam
300 464 498 508 auctore
529 473 770 522 anonymo
802 457 1252 507 Raitenhuslacensi
1285 458 1559 522 synchrono
1591 458 1719 522 apud
1745 457 1866 507 Pecz
1886 457 1942 506 T.
1969 458 2029 506 ll.

128 562 175 610 p.
212 542 331 593 222
365 558 502 607 seqq.
536 543 713 592 Hansiz
745 543 801 592 T.
836 543 896 592 ll.
930 559 980 607 p.
1018 541 1156 592 272.

515 829 665 896 ΧΠ.
728 828 977 897 REX
1053 825 1479 897 GEYZA
1553 829 1637 896 ΙΙ.

721 983 779 1032 ab
811 998 938 1032 anno
975 978 1127 1032 1141
1163 1013 1227 1017 -
1264 981 1440 1033 1161.

993 1147 1035 1223 ς
1081 1150 1180 1205 12.

132 1301 371 1351 Initium
433 1300 818 1365 Principatus
872 1299 1042 1363 Regii
1101 1315 1127 1348 a
1188 1298 1653 1363 Spalatensibus
1716 1301 2037 1365 privilegio

166 1385 480 1446 donandiS,
531 1385 994 1449 Saxonibusque
1038 1384 1095 1432 in
1140 1384 1323 1433 fundo
1368 1384 1550 1448 Regio
1596 1380 2001 1450 ultra'sylvano

436 1468 444 1484 ”
793 1469 1173 1519 collocandis
1222 1470 1383 1519 fecit.

300 1633 606 1716 Regnum,
677 1629 831 1716 quod
879 1628 979 1691 vix
1025 1652 1273 1716 puerum
1305 1652 1623 1715 egressuS,
1671 1630 1847 1693 tertia
1906 1642 2041 1716 post

131 1714 352 1778 obitum
407 1714 594 1801 patris
639 1715 731 1778 die
790 1713 1080 1790 adiverat,
1150 1714 1440 1800 adjutorio
1494 1715 1727 1793 matriS,
1784 1716 2041 1801 itemque

129 1801 398 1864 avunculi
437 1801 648 1875 Belae,
684 1799 978 1886 singulari
1010 1800 1341 1863 constantis
1370 1801 1584 1864 aetatis
1617 1800 1925 1886 prudentia
1954 1813 2040 1863 te-

129 1885 270 1949 nuit.
317 1886 554 1950 Initium
598 1886 975 1973 Principatus
1005 1885 1178 1971 Regii
1236 1909 1270 1947 a
1313 1886 1768 1971 Spalatensibus
1817 1886 2040 1961 eodem,

130 1994 244 2058 quo
284 1971 632 2058 Tragurini,
661 1971 1013 2035 liberalitate
1047 1971 1411 2048 Colomanni,
1447 1971 1816 2048 fruebantur,
1864 1971 2039 2058 privi-

130 2056 287 2143 legio
343 2056 630 2121 donandis
678 2056 832 2120 fecit.
889 2060 1035 2119 Mox
1084 2060 1142 2118 in
1194 2069 1364 2143 parte
1412 2057 1887 2142 Transylvaniae
1936 2080 2043 2143 per

133 2143 431 2206 Cumanos
463 2155 523 2204 et
552 2142 841 2205 Bissenos
870 2142 931 2204 in
961 2142 1300 2205 vastitatem
1342 2140 1579 2206 redacta
1632 2143 1900 2223 (fundum
1950 2165 2039 2204 re-

131 2227 294 2314 gium
328 2227 730 2315 appellabant)
762 2239 1040 2291 evocatas
1076 2251 1125 2290 a.
1153 2236 1315 2292 '1143
1347 2252 1419 2291 ex
1449 2228 1729 2291 Flandria
1754 2228 2040 2291 Saxonia-

132 2336 243 2399 que
271 2313 536 2377 colonias
573 2312 909 2390 collocavit,
952 2336 1102 2399 quae
1136 2336 1285 2398 agro
1325 2313 1588 2390 colende,
1613 2314 1859 2377 fodinis:
1885 2317 2036 2375 Tra-

122 2399 249 2484 jani
305 2398 686 2485 Imperatoris
740 2399 875 2463 olim
927 2398 989 2459 in
1025 2398 1212 2461 Dacia
1253 2398 1552 2462 thesauris
1597 2399 1937 2462 reserandis
1976 2407 2039 2474 ¹),

134 2483 403 2547 arcendis
442 2483 617 2545 simul
648 2483 975 2547 vicinorum
1014 2483 1273 2547 hostium
1304 2484 1623 2548 insultibus
1654 2484 2040 2548 intenderent.

132 2569 422 2656 Hospites
461 2567 550 2644 hi,
592 2568 745 2653 quod
787 2593 854 2632 se
908 2569 1171 2632 facturos
1211 2571 1456 2655 Geyzae
1500 2582 1881 2657 receperunt,
1928 2571 2039 2632 rite

133 2654 363 2718 executi
416 2653 570 2716 omni
626 2653 737 2717 hoc
787 2653 1111 2717 industriae
1169 2677 1389 2740 genere
1449 2669 1584 2742 post
1641 2657 1898 2742 paullum
1961 2656 2040 2718 ita

134 2740 554 2815 inclaruerunt,
608 2736 770 2825 digni
813 2752 879 2802 ut
915 2753 1143 2817 essent,
1172 2763 1417 2826 quorum
1455 2753 1514 2803 et
1550 2742 1841 2825 vexillum
1863 2753 1922 2803 et
1963 2745 2042 2801 si-

135 2825 339 2910 gillum
373 2824 735 2912 splendidam
774 2825 1136 2911 epigraphen
1171 2824 1293 2902 „ad
1325 2825 1691 2889 retinendam
1717 2837 2041 2889 coronam“

133 2910 547 2996 praeseferret,
578 2933 669 2972 am
712 2910 1073 2996 lissimisque
1116 2934 1223 2997 per
1266 2923 1584 2997 sequentes
1615 2915 1818 2997 Reges
1875 2911 2032 2996 favo-

143 2995 308 3057 ribus
357 2994 546 3072 aucti,
590 3019 662 3058 su
706 2995 875 3060 limes
913 2996 975 3058 in
1007 2995 1270 3060 finitimis
1310 2997 1580 3084 partibus
1614 3001 1788 3083 regni
1827 2997 2043 3059 colum-

319 3211 358 3269 1)
389 3208 515 3273 Ipsis
539 3209 639 3274 jam
669 3211 728 3260 iis
758 3212 888 3262 unde
920 3213 1235 3278 quadraginta
1267 3212 1432 3272 anniS‚
1481 3213 1562 3277 qui
1602 3212 1659 3261 ab
1699 3212 1794 3263 hoc
1824 3212 1954 3275 Rege
1996 3212 2043 3260 in

138 3293 346 3343 Emerici
377 3300 595 3359 tempora
626 3295 896 3358 fluxerunt,
937 3297 1084 3347 urbes
1115 3297 1483 3362 Transylvaniae
1514 3297 1745 3357 Mediam,
1788 3295 2042 3356 Sabesum,

141 3378 399 3439 Cibinium,
430 3379 805 3444 Claudiopolim,
841 3388 889 3431 et
908 3381 1301 3445 Schaesburgum
1332 3388 1415 3430 aut
1443 3381 1660 3431 funditus
1690 3388 1773 3430 aut
1802 3397 1827 3430 e
1854 3381 2046 3431 ruderi-

142 3463 233 3512 bus
268 3465 369 3514 suis
401 3465 646 3525 excitataS,
685 3465 908 3528 perhibet
945 3463 1134 3517 Ederus
1167 3467 1214 3516 in
1253 3467 1442 3516 Comm.
1485 3466 1543 3516 de
1574 3466 1677 3516 init.
1718 3466 1826 3516 Sax.
1862 3483 1910 3532 p.
1947 3464 2043 3516 28.
