2358 3874
331 226 452 282 108

328 389 438 422 inus
469 379 518 422 et
548 372 701 421 teneri
733 371 1025 426 faceremUS,
1060 377 1108 417 et
1140 368 1318 417 servari
1350 368 1399 416 in
1432 382 1584 430 reguo
1617 375 1815 427 nostro,
1851 385 1905 417 ac
1939 368 2082 417 terris
2114 369 2256 418 nobis

328 456 562 521 subjectis
595 469 808 519 quoque.
845 452 1234 502 Constitutiones
1268 465 1464 514 quoque
1497 456 1543 498 et
1574 451 1778 502 Decreta
1805 452 1892 500 SS.
1915 453 2102 515 Regum
2136 469 2259 516 pro-

326 541 604 605 genitorum
638 544 948 594 nostrorum,
989 543 1038 584 et
1075 535 1233 584 bonas
1266 533 1652 583 consuetudines
1684 535 1979 594 eorundem,
2022 551 2115 584 nec
2157 551 2257 584 non

327 624 488 673 omnia
519 623 608 671 alia
640 628 689 670 et
720 620 927 684 singula,
962 633 1085 683 quae
1116 618 1272 667 nostri
1303 617 1647 682 progenitores
1686 618 1733 666 in
1767 633 1854 667 sua
1897 626 2260 668 consueverunt

328 707 647 756 coronatione
673 704 857 769 jurare,
891 702 1230 753 inviolabiliter
1261 702 1631 751 servaremus.“

1213 895 1356 969 §a

326 1056 519 1097 tamen
567 1062 685 1096 non
732 1053 844 1096 tam
878 1045 1255 1109 Principem,
1305 1058 1478 1108 quam
1511 1043 1842 1093 voluntatis
1874 1045 2080 1094 uxoris
2121 1046 2260 1094 sinae

893 1129 1236 1178 ministrum
1285 1142 1415 1177 cum
1462 1136 1693 1191 ageret,

498 1286 783 1348 Andreas
825 1308 1109 1370 regnum,
1150 1284 1306 1369 quod
1335 1285 1522 1346 fratre
1567 1295 1628 1344 et
1657 1296 1872 1368 nepote
1923 1286 2260 1371 superstiti-

326 1372 438 1432 bus
471 1368 943 1455 flagrantissime
977 1369 1308 1454 cupiverat,
1341 1366 1479 1429 dum
1510 1369 1745 1451 Conjux
1776 1371 1907 1452 ejus
1939 1369 2261 1432 Gertrudis

326 1456 446 1516 filia
475 1455 666 1516 Ducis
685 1456 994 1515 Meraniae
1025 1453 1082 1514 in
1119 1452 1269 1514 vivis
1301 1464 1495 1525 esset,
1558 1474 1632 1512 ex
1671 1449 1849 1535 hujus
1886 1453 2260 1516 administra

327 1540 430 1619 bat
460 1538 736 1610 arbitri03
770 1537 1090 1621 ambiguus
1122 1537 1196 1598 ab
1227 1535 1506 1609 Emeriei,
1538 1558 1615 1596 an
1645 1535 1916 1598 Ladislai
1950 1537 2054 1598 filii
2081 1537 2261 1622 hujus

326 1622 491 1684 obitu
537 1622 766 1683 initium
819 1620 1204 1706 Principatus
1260 1624 1670 1705 computaret?
1715 1619 2059 1705 Diplomata
2106 1620 2262 1684 enim

327 1707 387 1766 in
421 1718 735 1790 utrumque
765 1728 1010 1766 sensum
1041 1703 1200 1767 dedit
1237 1711 1301 1782 ¹).

507 1890 548 1948 ¹)
583 1887 697 1936 Vide
729 1886 1008 1951 compendii
1049 1902 1197 1937 causa
1237 1885 1454 1936 Ederum
1494 1887 1543 1937 iu
1582 1887 1688 1937 init.
1725 1887 1904 1937 Saxon.
1941 1888 2257 1954 Transylvan.

324 1988 374 2036 p.
414 1966 552 2031 194,
587 1978 702 2021 nota
737 1967 835 2021 23.

1214 2079 1358 2153 §a

324 2244 614 2292 praesens
661 2229 977 2278 amittendi
1027 2228 1198 2292 regni
1243 2228 1395 2277 adiit
1424 2229 1795 2292 periculum,
1838 2229 1994 2295 quod
2027 2230 2260 2294 quidem

1100 2312 1470 2373 discussum;

496 2473 747 2534 Uterum
781 2468 973 2532 adhue
995 2468 1232 2566 Regina
1262 2470 1549 2555 gerebat,
1583 2493 1714 2532 eum
1745 2470 2100 2534 Pontificem
2131 2469 2259 2533 lite-

323 2553 408 2615 ris
457 2551 530 2615 de
570 2557 718 2616 Vll.
759 2552 904 2615 Idus
945 2553 1114 2617 Juni1
1171 2562 1338 2617 1206
1390 2553 1839 2639 interpellabat,
1889 2555 2262 2640 praeciperet

322 2636 723 2699 Antistitibus
754 2641 1081 2700 Sacrorum
1129 2638 1191 2699 in
1237 2640 1582 2723 Hungaria,
1627 2650 1694 2701 ut
1735 2638 1920 2724 proli,
1959 2662 2111 2723 quae
2146 2637 2261 2700 sihi

325 2744 510 2807 prope
542 2720 694 2784 diem
725 2734 1095 2798 nasceretur,
1118 2725 1526 2807 juramentum
1550 2721 1875 2798 fidelitatis,
1906 2722 1980 2785 ad
2021 2722 2260 2784 manda-

323 2817 449 2867 tum
484 2808 691 2867 Patris
739 2819 1051 2890 praestare
1099 2830 1174 2869 ne
1222 2819 1590 2869 cunctentur.
1654 2805 1889 2868 Detulit
1935 2818 2076 2869 voto
2125 2811 2260 2887 ejus

323 2888 631 2964 Pontifex,
681 2892 812 2974 ipse
843 2911 984 2952 vero
1022 2891 1287 2952 mascula
1317 2903 1531 2952 auctus
1563 2890 1769 2952 sobole
1800 2897 1877 2968 1),
1929 2912 2060 2960 eum
2109 2890 2259 2952 alias

326 2994 559 3056 quoque
590 2995 826 3057 semper
855 2972 908 3033 is
941 2986 1136 3047 esset,
1178 2996 1351 3058 quem
1394 2974 1556 3034 illum
1590 2974 1760 3035 uxori
1794 2974 2091 3060 superbae
2121 2997 2258 3036 ava-

323 3078 541 3139 raeque
572 3068 674 3118 aut
705 3056 1011 3140 expediret
1043 3080 1182 3119 esse
1214 3070 1316 3119 aut
1345 3056 1587 3130 liberet;
1638 3070 1764 3119 tum
1795 3080 1939 3121 vero
1971 3057 2086 3121 boe
2116 3081 2258 3144 quo-

325 3162 437 3223 que
469 3160 614 3201 suae
645 3139 704 3200 in
738 3161 864 3202 eam
901 3139 1307 3225 indulgentiae
1347 3141 1669 3217 adtribuit,
1719 3153 1785 3204 ut
1832 3142 2078 3205 fratrem·
2129 3145 2259 3227 ejus

324 3222 711 3286 Bertholdum
743 3236 950 3308 spreta
979 3247 1225 3309 sponsa,
1253 3225 1764 3311 Bambergensem
1795 3239 1973 3290 antea
1995 3230 2257 3312 Praepo-

508 3394 549 3452 1)
581 3392 634 3441 ln
668 3393 977 3443 solemnitate
1009 3395 1168 3457 gaudii
1202 3396 1260 3444 de
1292 3403 1407 3446 nato
1440 3396 1538 3446 filio
1582 3396 1738 3446 villam
1772 3395 1992 3445 Billike
2031 3395 2079 3444 in
2114 3395 2255 3460 sylvis

324 3475 491 3524 Bakon
523 3476 741 3527 condidit
772 3477 870 3526 Vll.
901 3494 943 3526 v.
986 3475 1036 3526 1.
1072 3495 1120 3542 p.
1159 3476 1297 3529 235.
