2280 3918
293 190 376 245 40

294 267 585 331 mendatis
629 292 734 355 per
778 291 909 330 eum
947 267 1211 330 sontibus
1253 266 1545 329 sumsisse
1584 269 1787 355 plura,
1829 267 1902 331 ad
1933 267 2204 331 christia-

292 377 454 431 nam,
487 352 640 416 bene
669 365 946 439 recteque
983 351 1215 415 vivendi
1247 350 1612 439 disciplinam
1643 354 2038 418 accomodata.

474 512 516 570 1)
547 509 644 559 LL.
686 508 791 574 ejus
822 508 878 558 L.
920 508 1004 558 III.
1038 524 1082 558 c.
1126 504 1159 558 3
1195 508 1325 574 apud
1364 524 1706 575 quemcunque
1735 510 1886 576 aliqui
1916 511 2090 560 civium
2129 511 2201 559 vel

294 596 507 655 illorum,
542 594 622 659 qui
651 594 880 644 dicuntur
896 592 1088 655 Ewrek,
1120 594 1195 644 vel
1223 594 1346 643 servi
1378 594 1673 655 detinentur,
1704 595 1762 645 in
1791 595 2208 660 assumptione

296 682 346 731 S.
388 680 601 730 Mariae
641 679 760 744 Regi
790 684 1184 743 praesententur.
1224 685 1253 739 δ
1307 677 1341 728 2
1374 680 1576 729 Veniant
1606 686 1654 729 et
1681 680 1749 730 illi
1787 696 1986 741 omneS,
2019 680 2100 745 qui
2132 680 2210 730 di·-

297 772 475 816 cuntur
514 765 695 828 Wzbeg
733 765 801 813 ad
840 764 1061 814 curiam
1107 764 1164 813 in
1203 765 1406 814 eadem
1445 765 1799 826 festivitate,
1843 772 1894 815 et
1938 765 2207 815 secundum

295 851 428 916 quod
457 850 675 915 Regale
702 849 1005 899 Judicium
1037 849 1345 911 ordinaverit,
1378 851 1691 915 postmodum
1722 857 1879 918 ratum
1906 858 2205 915 permaneat.

470 933 520 1003 2)
552 935 711 985 Udvar
747 963 816 971 —
852 935 967 984 Btro
1005 936 1204 1000 proprie
1244 935 1422 986 Comes
1463 936 1667 986 Curialis
1714 943 1822 999 est3
1876 935 1943 985 illi
1982 936 2208 1000 generico

296 1021 496 1070 nomine
529 1021 707 1070 Comes
738 1019 983 1074 Palatinus
1014 1029 1232 1070 vocatur.
1280 1021 1468 1082 Castra,
1502 1021 1762 1086 parochiae
1805 1051 1872 1056 ——
1909 1021 2204 1086 provinciae,

295 1106 537 1171 Hungaris
586 1106 808 1171 Megyc,
875 1105 943 1155 illi
992 1106 1281 1156 Civitates
1331 1106 1586 1167 dicuntur,
1644 1114 1738 1157 cet.
1795 1105 1946 1172 Cujus
1991 1106 2208 1157 vocabuli

295 1207 415 1241 usus
446 1191 526 1240 hic
556 1207 654 1240 non
687 1192 727 1240 is
761 1191 957 1255 quidem
988 1191 1233 1253 insolenS,
1282 1193 1367 1242 sed
1397 1193 1471 1242 vel
1503 1199 1657 1242 aetate
1689 1192 2034 1257 Compilatoris
2064 1191 2210 1258 hujus

295 1277 577 1342 infrequens
608 1276 714 1325 suit.

471 1363 518 1422 3)
550 1361 655 1411 Hoc
687 1363 1006 1412 decreverunt
1035 1369 1130 1412 cet.
1161 1363 1194 1411 l.
1228 1363 1311 1412 111.
1345 1363 1488 1412 Decr.
1520 1363 1625 1412 init.

1157 1542 1199 1618 g
1243 1546 1341 1601 23.

644 1694 710 1744 ad
752 1694 1003 1759 politica
1048 1694 1502 1759 pertinentibus
1547 1696 1854 1758 instituta,

466 1856 597 1915 Has
635 1853 750 1916 etsi
798 1852 1127 1939 disjunctas
1160 1853 1557 1940 temporibus,
1605 1879 1735 1918 cum
1768 1869 1965 1921 tamen
1999 1870 2211 1946 suapte

295 1950 510 2001 natura
543 1962 674 2001 cum
706 1938 944 2024 legibus
983 1939 1034 2003 d.
1067 1937 1355 2025 Stephani
1398 1939 1808 2020 cohaererent,
1866 1965 1996 2005 cum
2025 1942 2101 2006 iis
2132 1944 2211 2007 si-

296 2024 418 2086 mul
466 2023 745 2086 dedimus.
802 2025 1146 2088 Promissae
1188 2025 1386 2110 itaque
1435 2025 1744 2090 brevitatis
1787 2027 2064 2091 admoniti
2096 2028 2210 2092 fide

298 2109 839 2172 Constitutionihus
868 2113 1021 2195 ejus:
1068 2110 1138 2173 de
1164 2110 1437 2173 Palatino
1469 2112 1726 2189 Comite,
1762 2118 1808 2191 1)
1856 2112 1927 2176 de
1963 2112 2207 2187 Judice;

297 2194 572 2281 Legique
604 2194 676 2257 de
718 2195 919 2280 sigilli
969 2195 1252 2259 missione
1291 2218 1365 2258 ex
1401 2196 1726 2282 Capitulari
1765 2202 1842 2260 11.
1877 2199 2210 2284 Dagoberti

299 2281 489 2366 Regis
529 2284 926 2357 Francorum,
991 2281 1117 2343 sive
1159 2281 1246 2344 uti
1290 2280 1443 2368 apud
1490 2283 1802 2345 Baluzium
1848 2283 2205 2357 inscribitur,

298 2365 436 2450 lege
471 2366 934 2429 Alemannorum
971 2378 1222 2445 sumtae,
1255 2391 1372 2430 non
1408 2367 1846 2432 immorabimur
1884 2368 2122 2433 diutius,

481 2553 524 2613 1)
569 2551 642 2602 Ex
680 2552 1089 2603 Commentariolo
1127 2552 1264 2619 Prayi
1311 2553 1382 2604 de
1419 2555 1608 2604 veteri
1654 2553 2024 2605 Palatinatus
2061 2570 2210 2620 pro-

303 2637 495 2687 vincia
532 2637 610 2687 his
647 2638 910 2689 admodum
948 2638 1119 2689 diebus
1156 2638 1348 2704 vulgato
1385 2647 1611 2705 apparet:
1658 2640 1852 2690 maximi
1889 2639 2105 2696 nominis
2134 2640 2210 2690 vi—

303 2739 413 2772 rum
442 2723 600 2784 hunc,
649 2739 742 2789 qua
771 2724 821 2773 in
852 2730 1007 2774 aetate
1035 2725 1264 2790 anonymi
1293 2725 1436 2776 Belae
1466 2726 1524 2775 R.
1557 2725 1765 2786 Notarii‚
1812 2724 1981 2775 eadem
2010 2725 2060 2774 in
2090 2741 2209 2775 eru-

305 2809 444 2858 endis
475 2808 619 2873 primi
659 2808 805 2874 hujus
843 2810 981 2874 regni
1016 2810 1324 2875 Magistratus
1354 2810 1505 2861 initiis
1534 2826 1679 2861 usum
1710 2826 1820 2860 esse
1849 2810 2071 2862 fortuna:
2122 2825 2208 2860 se-

304 2893 462 2942 cunda
498 2893 738 2958 primum,
785 2895 979 2959 quando
1023 2894 1075 2944 in
1114 2894 1525 2946 Commentariolo
1575 2896 1671 2946 hoc
1714 2895 1786 2946 Cl.
1821 2895 2108 2948 Schwarczii
2147 2895 2207 2946 de

301 2978 462 3029 nativo
492 2979 587 3027 hoc
617 2978 959 3044 Hungarorum
990 2980 1210 3030 instituto
1242 2981 1531 3031 sententiam
1560 2981 1748 3044 laudat3
1794 2981 1993 3031 adversa
2032 2981 2208 3032 deinde

304 3064 355 3112 in
392 3063 502 3113 Not.
543 3078 705 3129 praev.
754 3064 814 3114 ad
854 3064 980 3115 Hist.
1027 3064 1247 3130 Regum,
1306 3081 1509 3131 quarum
1547 3082 1598 3132 p.
1638 3066 1805 3116 LXIII.
1852 3067 2205 3133 Imperatorum

307 3148 509 3198 orientis
542 3149 780 3199 Comitem
811 3149 990 3214 palatii,
1037 3156 1085 3200 et
1117 3151 1315 3200 orientis
1348 3152 1687 3218 curopalatem
1718 3152 1879 3203 videre
1910 3153 2002 3203 sibi
2033 3153 2081 3204 in
2102 3152 2207 3202 Pa-

307 3234 455 3283 latino
486 3234 758 3299 Hungariae
787 3235 993 3285 videtur.
1040 3235 1303 3286 Fortunam
1345 3253 1537 3287 mecum
1568 3253 1745 3289 accuso
1777 3238 1889 3300 viri,
1933 3254 2044 3304 pag.
2078 3253 2206 3304 quo-

310 3334 401 3382 que
429 3319 619 3370 Comm.
649 3319 794 3386 hujus
817 3315 959 3382 XVII,
991 3321 1154 3371 XVIII.
1192 3321 1502 3373 donationem
1532 3323 1749 3374 Andreae
1771 3323 1833 3373 II.
1857 3323 1938 3387 (C.
1958 3323 2017 3374 D.
2038 3323 2122 3374 III.
2149 3319 2201 3375 1.

308 3418 359 3467 p.
394 3399 538 3465 396)
569 3405 628 3455 ad
661 3421 700 3455 s.
735 3405 1008 3456 Ladislaum
1039 3407 1319 3471 referentis3
1352 3424 1452 3459 non
1482 3409 1785 3473 industriam,
1819 3423 1942 3475 quae
1970 3409 2020 3460 in
2038 3424 2097 3460 eo
2115 3410 2204 3462 fuit

311 3486 580 3551 singularis,
