2358 3874
1928 195 2105 246 XXlll

172 329 316 397 quod
354 328 724 396 ipsipraeter
764 328 1270 395 possessionariam
1310 344 1502 379 eorum
1535 328 1844 395 portionem
1874 328 1926 379 in
1958 329 2106 380 dicta

170 416 531 483 possessione
570 414 795 467 Karcza
834 424 1036 480 vocata
1074 415 1351 480 habitam,
1406 414 1597 483 plures
1635 416 1923 484 portiones
1979 433 2105 484 pos-

170 503 547 555 sessionarias
586 503 690 555 sibi
729 503 1022 571 emptionis
1062 502 1219 555 titulo
1261 503 1617 572 pertinenteS,
1656 505 1708 554 in
1750 505 1943 554 eadem
1979 521 2105 572 pos—

171 589 422 641 sessione
459 590 682 643 Karcza
721 599 988 654 tenerent,
1028 600 1082 642 et
1119 591 1174 642 in
1215 591 1578 659 possessione
1619 593 1812 643 eadem
1854 592 2105 660 posside-

170 685 311 742 rent,
352 686 405 728 et
442 679 490 729 si
528 679 650 746 ipse
688 678 989 730 Ladislaus
1027 678 1198 730 Filius
1238 678 1543 742 Eustachii,
1584 680 1838 748 exceptis
1877 695 2109 747 posses-

167 765 427 816 sionariis
462 766 806 833 portionibus
845 766 1107 833 emptitiis
1151 767 1221 817 ab
1249 766 1388 834 ipsis
1429 766 1621 834 plures
1654 767 1940 835 portiones
1978 783 2109 835 pos-

170 853 542 905 sessionarias
585 871 686 921 per
720 853 876 919 ipsos
916 862 1278 905 conservaret
1317 862 1370 904 et
1415 854 1747 921 possideret,
1779 884 1846 892 —
1881 854 1995 922 'ipsi
2037 856 2108 906 ad

170 941 407 992 dandam
442 971 511 1005 -,
545 942 1050 1009 possessionariam
1104 942 1428 994 divisionem
1470 972 1533 979 —
1591 943 1795 994 Ordine
1834 943 2106 994 mediante

169 1028 411 1096 prompti
449 1038 658 1093 essent,
699 1038 753 1081 et
792 1030 1004 1098 parati,
1045 1030 1173 1098 quia
1213 1029 1304 1081 avi
1344 1046 1534 1080 eorum
1574 1030 1719 1081 inter
1756 1047 1818 1081 se
1853 1047 1955 1097 per
1994 1047 2107 1082 mo-

169 1116 297 1167 dum
354 1115 605 1184 aequalis
658 1117 964 1181 divisionis,
1024 1119 1094 1168 ad
1147 1116 1396 1184 triplices
1447 1115 1685 1168 lineales
1733 1114 2110 1186 Cognationes

169 1203 419 1271 separati
461 1203 790 1267 extitissent,
831 1222 902 1255 ex
942 1205 1139 1273 quibus
1178 1221 1321 1256 1111115
1359 1204 1578 1256 nomine
1603 1203 1800 1256 Dubur
1825 1205 1945 1256 sine
1978 1204 2110 1257 hae-

169 1292 301 1343 rede
353 1292 626 1356 decessit,
675 1293 910 1361 ipsoque
947 1292 1144 1345 Dubur
1186 1294 1257 1345 ab
1296 1292 1404 1344 hac
1443 1292 1568 1344 luce
1607 1294 1875 1355 deceSSO,
1927 1294 2110 1361 portio

170 1395 274 1430 sua
313 1380 769 1447 possessionaria
809 1379 964 1431 titulo
1005 1381 1276 1444 emtioniS,
1313 1381 1381 1432 de
1409 1396 1686 1432 consensu
1725 1381 2108 1448 proximorum

170 1474 225 1517 et
247 1464 625 1536 Cognatorum
659 1484 887 1519 suorum
926 1468 982 1519 in
1021 1484 1219 1519 manus
1260 1485 1452 1520 eorum
1481 1468 1828 1530 devenisset,
1869 1477 1924 1519 et
1964 1469 2111 1520 dicta

169 1554 351 1622 portio
403 1555 854 1622 possessionaria
894 1555 1022 1606 dicti
1060 1555 1257 1606 Dubur
1306 1554 1464 1606 titulo
1518 1555 1772 1607 emtionis
1822 1556 1876 1606 in
1916 1573 2113 1607 manus

167 1642 416 1709 ipsorum
474 1643 726 1707 devenit,
787 1643 1007 1695 ibidem'
1043 1643 1098 1694 in
1155 1642 1382 1695 instanti
1439 1644 1511 1694 ad
1563 1657 1702 1693 suae
1757 1641 2114 1712 allegationis

170 1730 479 1782 evidentius
517 1732 900 1783 documentum
938 1730 1160 1782 Literas
1191 1729 1433 1798 Capituli
1471 1729 1764 1782 Ecclesiae
1807 1730 2110 1783 Posonien-

169 1816 256 1868 sis
293 1817 674 1888 privilegiales
726 1819 780 1870 in
819 1817 983 1870 Anno
1033 1818 1256 1869 Domini
1299 1817 1440 1870 1332
1491 1827 1812 1881 emanataS,
1864 1827 2110 1870 tenorem

169 1904 404 1957 aliarum
457 1905 764 1958 litterarum
821 1906 950 1957 dicti
989 1904 1230 1974 Capituli
1277 1906 1637 1958 Posoniensis
1686 1905 2111 1976 privilegialium

169 1995 271 2046 sub
305 1994 468 2046 Anno
494 1993 717 2046 Domini
746 1994 887 2045 1247
922 1993 1304 2046 confectarum
1336 1995 1403 2045 de
1425 1996 1599 2046 verbo
1620 1993 1675 2044 in
1705 1994 1935 2046 verbum
1966 1994 2020 2045 in
2048 2011 2112 2046 se

169 2081 514 2134 continentes
552 2082 725 2134 Nobis
761 2082 1158 2134 demonstravit
1193 2082 1395 2134 seriem
1425 2112 1490 2119 —
1516 2082 1913 2149 exprimenteS.
1951 2082 2111 2140 Quod

169 2167 381 2221 Comite
429 2199 495 2207 —-
555 2170 626 2222 ab
669 2187 782 2221 una
831 2178 1027 2237 parte,
1090 2166 1468 2239 Beretszegh,
1521 2169 1668 2221 Hees
1723 2177 1777 2220 et
1830 2168 1991 2220 Luka
2044 2188 2112 2220 ex

170 2256 347 2308 altera
397 2274 588 2309 coram
629 2258 775 2310 dicto
817 2256 1075 2325 Capitulo
1116 2256 1446 2308 Posoniensi
1500 2256 1872 2324 personaliter
1910 2258 2112 2310 consti·

169 2344 330 2407 tutis,
380 2345 523 2396 idem
563 2344 766 2397 Comes
806 2345 1153 2414 Berethszeg
1189 2343 1350 2396 Luka
1391 2353 1445 2396 et
1483 2344 1632 2396 Hees
1691 2344 1930 2396 fuissent
1982 2362 2110 2397 con-

169 2431 322 2494 fessi,
362 2435 509 2501 quod
547 2434 766 2502 quidam
809 2431 1098 2503 Cognatus
1138 2449 1330 2484 eorum
1367 2433 1587 2484 nomine
1625 2431 1821 2484 Dubur
1859 2433 1930 2483 ad
1968 2433 2112 2485 viam

169 2519 462 2571 universae
513 2520 699 2572 carnis
744 2521 864 2571 sine
917 2520 1160 2573 haerede
1211 2520 1581 2582 decessisset,
1635 2531 1687 2571 et
1738 2528 1889 2572 terra
1936 2520 2113 2588 ipsius

171 2606 365 2658 Dubur
404 2605 633 2659 Comitis
671 2608 725 2659 in
766 2607 1079 2659 Dominium
1123 2606 1353 2659 Comitis
1394 2606 1646 2659 Bereczk
1687 2625 1811 2658 cum
1851 2608 2110 2677 cognatis

169 2694 285 2744 suis
319 2695 669 2761 praenotatis
700 2695 1093 2758 remansisset,
1123 2695 1246 2763 ipse
1276 2705 1460 2746 autem
1485 2693 1687 2746 Comes
1709 2693 1965 2746 Bereczk
1986 2712 2110 2746 cum

170 2781 410 2832 caeteris
463 2783 721 2851 cognatis
771 2782 888 2834 suis
925 2781 1116 2846 Luka,
1170 2791 1225 2834 et
1271 2782 1418 2833 Hees
1470 2791 1677 2833 terram
1724 2790 2112 2850 praenotatam

171 2866 536 2920 sufficientem
575 2871 646 2922 ad
684 2869 843 2921 clo-ta
882 2870 1092 2940 jugera
1141 2887 1211 2921 ex
1252 2868 1498 2921 Consilio
1539 2867 1767 2920 Comitis
1808 2868 2002 2920 Buzad
2042 2872 2111 2922 de

171 2953 395 3006 Karcza
434 2957 679 3008 sedecim
701 2958 902 3009 marcis
921 2957 1288 3020 vendidisset,
1318 2973 1442 3008 cum
1483 2956 1735 3008 omnibus
1766 2956 1884 3008 suis
1912 2956 2112 3009 utilita-

173 3041 319 3092 tibus
344 3049 397 3092 et
424 3042 766 3115 pertinentiis
788 3045 1182 3112 possidendam
1197 3042 1410 3096 Comite
1434 3043 1677 3113 Remigh
1698 3061 1820 3096 cum
1838 3043 1978 3095 Filio
2009 3059 2112 3095 suo

172 3126 605 3180 Bartholomaeo
647 3147 835 3182 coram
875 3133 1019 3184 dicto
1041 3131 1300 3200 Capitulo
1343 3141 1582 3194 astante,
1625 3131 1947 3198 praedictae
1981 3146 2108 3198 pos-

173 3214 450 3266 sionariae
479 3217 778 3269 venditioni
807 3217 1154 3270 Consensum
1181 3221 1487 3286 praebente
1515 3227 1571 3269 et
1612 3234 1936 3279 assensum3
1978 3217 2106 3276 Qui-

175 3302 278 3352 bus
329 3302 545 3370 quidem
595 3303 792 3356 litteris
845 3306 1162 3372 praenotati
1200 3304 1442 3373 Capituli
1482 3305 1844 3356 Posoniensis
1890 3306 2110 3374 privile-

171 3388 414 3457 gialibus
455 3389 747 3455 exhibitis,
788 3400 842 3443 et
881 3409 1070 3443 earum
1111 3393 1393 3458 tenoribus
1433 3391 1727 3444 intellectis
1754 3391 2107 3461 praeallega-

176 3483 263 3526 tus
290 3475 601 3541 Ladislaus,
635 3478 803 3531 Filius
829 3479 1114 3532 Eustachii
1146 3481 1198 3532 in
1240 3478 1577 3532 contrarium
1609 3479 1915 3534 litterarum
1948 3497 2108 3549 prae-
