2358 3874
1948 214 2028 270 67

131 355 335 439 regni
379 352 516 416 alibi
547 352 882 440 explicabo)
931 373 1050 415 non
1086 363 1208 415 tam
1240 351 1517 439 expetita,
1550 374 1721 438 quam
1760 353 2033 439 flagitata

130 439 302 516 votis,
354 438 783 502 solemnissime
815 436 1177 525 approbavit.
1238 437 1386 514 Quis
1422 437 1611 524 igitur
1659 438 1812 502 ferat
1867 438 2030 501 illudi

128 523 242 587 sibi
281 546 390 611 per
423 523 786 587 recentiores
825 521 1144 608 scriptores
1176 522 1428 609 aliquoS,
1461 523 1561 609 qui
1592 524 1837 587 confuso
1861 524 2031 587 Ordi-

126 631 265 672 num
335 609 705 687 discrimine,
765 611 1016 672 Oroatas
1068 629 1271 671 omnes
1320 608 1541 671 tributo
1585 607 1696 672 hoc
1735 609 2030 695 obligatos

127 695 737 759 comminiscebantur.
805 697 1209 779 Imperaturus
1262 694 1456 779 legem
1505 693 1838 781 hujusmodi
1882 695 2033 759 alter

125 780 382 844 fortasse
412 780 600 844 victor
633 781 851 843 suerat:
874 781 969 840 De
999 777 1360 842 Colomanno
1382 780 1475 841 sac
1506 780 1676 843 aliter
1708 780 2012 844 existimes

125 865 491 929 Marturinas
534 865 633 928 ille
673 862 1006 928 hominibus
1047 863 1395 927 conditionis
1435 865 1724 929 ohnoxiae
1762 867 1894 930 loco
1934 866 2031 929 de-

126 951 444 1030 nariorum,
478 951 548 1014 de
578 950 791 1037 quibus
823 949 1073 1012 diximus
1096 949 1294 1034 paullo
1319 962 1476 1026 ante,
1507 974 1625 1013 non
1647 951 1832 1036 igitur
1861 953 2031 1015 titulo

125 1036 438 1123 vectigalis
461 1035 700 1123 majoris
731 1033 1046 1120 irrogavit3
1088 1034 1308 1098 liberos
1341 1036 1605 1116 (milites,
1635 1037 1892 1116 nobiles)
1915 1061 2031 1100 non

126 1120 296 1186 modo
327 1121 635 1208 vectigalis
665 1120 843 1207 hujus
887 1119 1250 1184 immunitate
1293 1121 1558 1195 donavit3
1601 1145 1804 1184 verum
1828 1123 2031 1186 Domi-

127 1207 241 1285 nis,
274 1231 519 1294 quorum
547 1207 739 1271 coloni
767 1205 1051 1295 pensione
1076 1205 1187 1269 hac
1215 1219 1579 1284 tenerentur,
1606 1208 1841 1271 tertiam
1858 1208 2032 1295 hujus

124 1306 351 1381 partem
392 1294 670 1371 contulit,
711 1293 1090 1380 privatasque
1136 1291 1345 1355 horum
1395 1305 1467 1355 et·
1506 1293 1770 1380 publicas
1820 1295 2030 1357 aerarii

124 1379 386 1442 rationes
433 1382 522 1441 sic
581 1377 1016 1464 conjungendO,
1083 1401 1149 1440 se
1201 1401 1319 1440 non
1371 1379 1562 1441 solum
1607 1379 1872 1456 vincere,
1927 1378 2031 1441 sed

126 1463 225 1549 qui
267 1463 515 1527 victoria
552 1464 987 1551 sapientissime
1033 1463 1311 1527 utendum
1351 1464 1461 1540 sit,
1512 1463 1734 1551 aprime
1793 1466 2030 1528 novisse

127 1548 452 1612 clarissimo
500 1549 847 1613 documento
893 1547 1306 1636 comprobavit.

302 1738 346 1796 2)
377 1735 476 1783 Art.
513 1732 608 1784 27.
649 1732 826 1783 1222.

985 1902 1026 1977 g
1070 1905 1169 1959 22,

944 2054 1219 2104 conditae

299 2216 467 2277 Haec
501 2214 896 2278 Colomannus
926 2217 1081 2292 Rex,
1115 2213 1206 2276 sui
1236 2226 1497 2288 tantum,
1546 2225 1611 2275 ut
1637 2211 1820 2289 videS,
1856 2211 2026 2274 unius

130 2297 368 2377 similis,
421 2312 596 2386 atque
623 2298 955 2386 hujusmodi
983 2312 1123 2363 sunt
1153 2303 1280 2386 ejus
1317 2299 1521 2362 omnia.
1562 2297 1803 2360 Almum
1835 2320 1908 2360 ex
1944 2297 2025 2359 di-

127 2407 325 2460 verso,
355 2384 496 2447 nihil
525 2387 732 2463 ferme,
765 2385 919 2472 quod
954 2385 1187 2473 publico
1231 2384 1367 2448 usui
1402 2396 1588 2461 esset,
1633 2383 1836 2468 egisse
1874 2406 2025 2445 com-
2117 2423 2127 2436 ·

167 2469 305 2531 eric.
355 2473 614 2556 Propter
643 2471 924 2534 amissum
964 2471 1152 2557 Regis
1190 2470 1465 2535 Croatiae
1503 2469 1764 2545 titulum,
1813 2467 2026 2530 ardens

126 2492 353 2632 dolore,
387 2557 636 2618 conflato
667 2556 821 2619 bello
854 2556 1027 2633 civili,
1060 2579 1189 2619 cum
1219 2580 1254 2619 a
1288 2555 1523 2619 Oroatis
1555 2554 1698 2616 nihil
1725 2553 1852 2640 spei
1889 2577 2025 2639 sup-

173 2652 387 2717 eteret,
431 2641 658 2704 vocatis
697 2640 756 2702 in
802 2641 1144 2705 societatem
1177 2664 1470 2704 armorum
1507 2638 1876 2724 Suatopluko
1912 2642 2026 2701 Bo-

124 2663 294 2788 liiemo
331 2737 391 2788 et
421 2727 695 2790 Boleslao
719 2727 966 2804 Polono,
1006 2750 1115 2789 sua
1150 2726 1279 2813 ipse
1305 2726 1693 2800 confessione,
1722 2723 2024 2789 seditionis

126 2833 296 2887 reuS,
329 2812 541 2887 semel,
589 2835 658 2874 ac
686 2811 898 2875 iterum
941 2825 999 2876 et
1033 2812 1207 2876 tertio
1252 2812 1564 2898 impetrata
1602 2833 1635 2871 a
1668 2810 2025 2872 Colomanno

127 2895 308 2958 fratre
338 2903 385 2975 1)
416 2896 587 2960 venia
625 2896 711 2959 sic
739 2897 981 2974 abus-uS,
1014 2910 1080 2961 ut
1105 2921 1341 2960 rursum
1367 2896 1689 2960 Henricum
1708 2898 2023 2958 Caesarem

128 2978 199 3041 ad
224 2980 606 3045 invadendam
634 2984 1004 3069 Hungariam
1029 2995 1418 3070 permoveret,
1449 2993 1792 3068 quartumve
1819 3004 2024 3044 recon—

128 3065 358 3128 ciliatus
392 3067 548 3129 ultra
583 3067 756 3131 etiam
795 3069 1045 3132 adversa
1079 3069 1438 3132 Colomanno
1473 3068 1721 3153 agitare,
1760 3078 1818 3129 et
1845 3089 2023 3152 quan-

57 3186 59 3190 ·
127 3163 250 3212 tum
292 3174 398 3237 per
444 3174 510 3213 se
554 3164 769 3231 staret,
807 3153 1203 3216 sufflaminare
1253 3166 1461 3216 conata
1512 3156 1641 3237 ejus
1702 3162 2020 3236 satageret.

310 3354 352 3413 1)
385 3351 653 3401 Germanus
686 3351 811 3399 enim
833 3351 951 3416 Regi
981 3352 1085 3400 suit.
1117 3352 1186 3400 Ad
1217 3351 1346 3415 quod
1376 3348 1680 3415 probandum
1713 3349 2024 3413 diligentissi-

130 3451 237 3485 mus
267 3436 654 3486 Podhradczkius
686 3436 733 3484 in
767 3436 993 3485 Chronic.
1026 3436 1238 3486 Budensi
1277 3452 1327 3501 p.
1367 3432 1480 3485 179
1513 3433 1839 3499 amplissimos
1876 3434 2023 3485 indu-

131 3521 273 3571 striae
307 3537 422 3572 suae
458 3522 643 3573 fructus
673 3521 891 3571 lancibus
922 3521 1091 3586 pandis
1122 3520 1294 3572 attulit.
1565 3595 1604 3636 ae

1523 3603 1554 3654 5
