2358 3874
1964 223 2086 281 189

147 347 345 424 bunali
377 362 776 444 l'requente1n3
809 358 867 419 in
889 360 1030 442 jure
1062 358 1314 421 dicundo
1346 380 1650 435 severum,
1683 360 1782 456 qui
1815 382 1925 422 nec
1953 364 2083 424 Ma-

146 447 224 508 tri
254 469 428 519 suae,
467 444 604 529 plus
636 456 702 506 ut
733 442 994 519 fastidio,
1036 442 1526 528 contumaciaque
1569 443 1868 519 mullebri,
1911 468 2085 529 quam

135 534 277 615 jure
307 527 663 612 legibusque
694 526 916 613 possit,
965 526 1306 600 indulserit3
1364 527 1709 605 Palatinos,
1759 541 1826 591 ut
1859 529 2088 614 judicia

147 613 323 677 statis
366 611 736 696 temporibus
767 611 1088 686 celebrent,
1121 611 1367 687 iterum,
1409 611 1740 698 iterumque
1771 614 2084 676 monuerit.

144 703 212 760 ln
246 696 637 772 clementiam,
671 718 845 781 quam
876 695 1262 782 asperitatem
1294 697 1631 781 proniorem
1663 720 1796 759 eum
1820 701 1903 760 M.
1923 701 2086 760 Hen-

144 782 309 844 ricus
343 781 414 844 de
446 781 723 843 Insernia
765 779 1038 843 Ottocari
1072 779 1431 842 Bohaemiae
1456 781 1645 866 Regis
1678 782 2086 844 Cancellarius

144 867 371 942 laudat,
404 878 702 950 tamquam
734 863 846 927 hoc
878 863 949 926 de
980 864 1276 926 industria
1308 877 1547 949 ageret,
1594 878 1657 928 ut
1694 878 1863 929 tanto
1898 870 2087 952 major

146 950 320 1013 nobis
367 950 692 1012 Ladislaus
731 948 789 1010 in
830 948 1020 1010 literis
1062 962 1370 1035 appareat,
1405 949 1618 1032 quibus
1658 950 1732 1012 ad
1764 951 2085 1036 expeditio-

146 1058 279 1098 nem
307 1047 367 1097 et
401 1032 931 1128 congregationem
962 1032 1141 1118 regni
1178 1033 1523 1117 generalem
1552 1035 2084 1114 (lusurectionem)

147 1143 263 1182 non
296 1118 776 1204 comparentibus
807 1117 1091 1214 perfidiae
1123 1116 1319 1180 adseri
1364 1116 1443 1179 sit
1475 1130 1673 1180 notam
1706 1124 1771 1197 1).
1821 1122 2085 1182 'Pataros

146 1204 244 1266 ille
272 1227 324 1266 a.
341 1210 505 1264 1285
538 1202 791 1263 maxima
813 1225 871 1262 ln
898 1201 1276 1286 Hungariam
1307 1141 1554 1287 illapsos
1577 1226 1773 1279 manu,
1792 1202 2084 1273 Valachis

139 1288 346 1364 ,missis
378 1294 427 1366 2)
460 1309 568 1371 per
596 1286 1009 1348 Andronicum
1053 1285 1294 1371 adjutus
1343 1286 1517 1360 fudit;
1549 1287 1836 1371 Lythene
1867 1290 2086 1354 Cuma—

143 1373 276 1434 niae
316 1371 591 1456 Vajvoda
629 1370 913 1455 auspiciis
954 1370 1083 1431 suis
1117 1392 1330 1447 caeso,
1378 1383 1439 1433 et
1468 1370 1777 1434 Ditionum
1810 1375 2084 1435 Coronae

142 1456 566 1540 Hungaricae,
614 1467 675 1515 et
719 1454 1124 1538 legitimorum
1173 1453 1352 1539 hujus
1396 1455 1695 1518 redituum
1748 1456 2084 1542 integritati

141 1539 392 1625 egregie
423 1538 725 1601 consuluit
746 1544 814 1617 3).

323 1798 365 1856 1)
402 1795 458 1845 C.
492 1796 550 1845 D.
583 1797 637 1845 V.
671 1795 808 1849 v.,2.
842 1813 891 1861 p.
930 1793 1028 1846 32.

318 1883 364 1940 2)
397 1880 457 1928 Hi
489 1880 664 1930 deinde
694 1881 905 1945 Neugari
945 1882 1059 1930 dicti
1091 1882 1220 1946 apud
1253 1881 1427 1945 Engel‚
1462 1882 1755 1932 Geschichte
1789 1883 1875 1931 des
1907 1898 2078 1947 ungar.

142 1964 367 2017 ReieheS.
407 1965 460 2013 P.
495 1965 533 2013 1.
567 1981 618 2028 p.
654 1959 795 2014 429.

142 2048 147 2052 ’
242 2089 248 2093 .
319 2050 367 2108 3)
399 2048 586 2098 Katona
617 2049 677 2099 H.
714 2050 796 2099 Cr.
835 2050 911 2099 VI.
945 2065 994 2115 p.
1036 2046 1216 2099 1913.

143 2392 556 2455 .-qui.Jurium
601 2392 817 2457 populi
864 2392 1385 2455 studiosissimus,
1434 2410 1561 2444 eum
1610 2395 1718 2444 hoc
1769 2396 2025 2456 Comitia

310 2551 407 2612 De
438 2549 710 2613 Comitiis
741 2549 1029 2614 Ladislao
1062 2554 1172 2614 IV.
1204 2554 1375 2637 Rege
1419 2552 1738 2614 celebratis
1773 2554 2078 2626 Martinus

140 2633 448 2717 Georgius
498 2634 946 2696 Kovachichius
976 2658 1084 2721 pro
1124 2658 1288 2698 more
1319 2659 1431 2698 suo
1463 2635 1785 2720 diligenter
1816 2642 2078 2700 conscri—

139 2717 275 2802 psit.
304 2719 660 2781 Geueralem
693 2719 1245 2815 Congregationem
1265 2719 1441 2804 regni
1471 2719 1532 2781 in
1557 2720 1767 2783 Rakus
1795 2744 1845 2782 a.
1883 2730 2076 2795 12863

141 2803 496 2864 Generalem
538 2816 1023 2866 convocationem
1055 2804 1366 2866 Nobilium
1397 2803 1575 2888 regni
1612 2806 2079 2888 Transylvanici

141 2908 190 2946 a.
225 2892 393 2948 1288
437 2887 678 2950 Tordae
709 2887 1000 2963 habitam,
1042 2887 1291 2973 quarum
1321 2901 1573 2973 utraque
1602 2889 2075 2952 Kovachichium

138 2969 336 3045 latuit,
370 2971 694 3046 Czechius,
739 2972 812 3033 ab
846 2971 1057 3034 eximio
1091 2973 1402 3035 historiam
1452 2973 1703 3058 patriam
1739 2972 2079 3038 illustrandi

140 3053 338 3115 studio
370 3053 815 3117 laudatissimus
856 3055 1135 3121 indicavit
1169 3064 1233 3136 1).
1273 3057 1374 3120 Ad
1414 3056 1660 3119 Literas
1691 3058 1932 3121 Nicolai
1963 3063 2079 3120 Ba-

141 3140 200 3198 ni
230 3136 416 3199 totius
448 3138 766 3202 Slavoniae
803 3141 865 3201 in
906 3143 1127 3206 Tetum
1159 3144 1502 3226 (Teteny2)
1532 3141 1592 3203 in
1623 3143 1892 3226 generali
1924 3145 2078 3204 Con-

139 3220 505 3306 gregatione
548 3222 779 3285 totius
817 3225 1027 3308 regni
1064 3225 1435 3308 Ungariae
1471 3225 1717 3287 infesto
1758 3229 1823 3288 S.
1862 3226 2078 3289 Jacobi

324 3497 364 3553 ¹)
397 3494 522 3544 Tud.
559 3493 719 3558 Gysijt.
756 3510 799 3544 a.
841 3491 998 3544 1829
1033 3495 1065 3544 f.
1107 3493 1157 3543 1.
1193 3511 1242 3558 p.
1282 3493 1562 3545 12-15,
