2358 3874
262 256 343 313 92

264 394 565 477 pervenit,
596 413 703 477 per
734 390 892 451 hunc
921 387 1229 474 Leopoldo
1254 386 1512 449 Austrio
1550 409 1803 464 cessam,
1827 390 1964 473 jure
1994 383 2201 472 postli-

265 476 430 537 minii
476 475 805 561 occupavit,
838 497 913 536 ne
942 486 1141 535 tamen
1168 472 1391 533 nullam
1416 469 1751 547 affinitatis,
1786 493 1938 556 quae
1979 470 2032 533 ei
2070 492 2203 531 cum

266 563 469 636 Duce,
501 560 769 622 Helenae
804 557 1033 621 sororis
1075 576 1222 618 suae
1253 555 1467 617 mar-ito
1489 603 1503 630 ,
1549 554 1924 630 intercessit,
1977 553 2209 626 habere,

265 642 569 707 videretur
597 643 907 719 rationem,
934 641 993 702 in
1014 639 1386 703 Fridericum
1404 641 1727 702 Caesarem
1755 638 1878 701 litis
1910 639 2201 701 arbitrum

268 741 589 791 consensit.

1140 922 1182 995 ς
1227 922 1327 978 35.

352 1072 620 1137 Regnum
669 1071 887 1135 patriis
932 1069 1289 1134 gubernavit
1327 1070 1626 1130 moribus,
1672 1076 1728 1120 et
1768 1069 2118 1134 speciatim:

443 1230 805 1315 Scriptorum
846 1227 1304 1290 domesticorum
1348 1251 1462 1289 una
1495 1240 1588 1289 est
1633 1227 1759 1290 fere
1793 1226 2053 1289 omnium
2085 1227 2207 1312 opi-

270 1314 395 1376 nio:
425 1313 554 1376 fieri
587 1312 956 1398 nequivisse,
990 1311 1127 1396 quin
1163 1312 1236 1374 ab
1260 1315 1431 1397 Rege
1455 1310 1776 1374 bizantinis
1807 1309 2055 1373 inutrito
2087 1334 2209 1373 mo-

270 1398 464 1473 ribus,
513 1396 725 1482 patriis
779 1419 1011 1481 quoque
1052 1395 1345 1459 institutis
1377 1396 1581 1481 graeci
1610 1395 1907 1482 quidpiam
1929 1395 2211 1481 importa-

269 1494 454 1545 retur.
521 1482 726 1545 Belam
766 1479 854 1555 hi,
903 1493 970 1543 ut
1006 1504 1150 1567 prae
1194 1481 1425 1566 reliqua
1458 1479 1828 1542 multitudine
1873 1480 2211 1542 mortalium

274 1566 581 1628 cultiorem
639 1564 989 1640 concedant,
1041 1565 1336 1627 communi
1390 1577 1587 1628 tamen
1642 1587 1775 1626 cum
1819 1564 1931 1626 hac
1973 1564 2212 1626 modulo

273 1650 630 1725 metiuntur,
685 1649 821 1734 quia
868 1649 941 1711 ad
995 1650 1378 1735 praecipuum
1434 1652 1563 1734 ejus
1609 1648 1870 1711 studium
1931 1646 2214 1733 quidquid

274 1734 572 1819 agendum
604 1733 968 1819 susciperet,
1013 1734 1098 1795 ita
1127 1733 1485 1819 peragendi,
1533 1745 1597 1795 ut
1630 1756 1706 1795 ex
1744 1732 2080 1818 quibusque
2119 1755 2214 1794 re-

274 1819 387 1880 bus
430 1840 537 1903 per
584 1839 651 1878 se
697 1817 895 1902 gestis
956 1817 1209 1880 virtutes
1249 1821 1479 1903 patriae
1535 1840 1669 1879 cum
1714 1816 1914 1902 specie
1960 1816 2214 1903 quadam

273 1902 504 1965 liberali
539 1901 855 1980 eniterent,
900 1902 1159 1964 animum
1191 1900 1349 1964 haud
1382 1902 1534 1965 satis
1567 1901 1900 1965 advertunt.

1155 2105 1198 2181 ς
1243 2109 1343 2164 36.

328 2256 612 2307 Ordinem
653 2257 814 2322 juris
862 2273 969 2323 per
1014 2265 1260 2306 sanctos
1291 2257 1479 2320 Reges
1526 2257 1917 2308 observatum
1950 2257 2169 2318 tenuit3

449 2417 668 2500 Neque
716 2415 890 2478 aliter
937 2415 1009 2478 de
1062 2415 1160 2478 illo
1211 2414 1368 2501 apud
1416 2414 1784 2478 Katonaium
1833 2437 2028 2478 meum
2087 2415 2217 2478 loco

280 2499 504 2575 sentio,
538 2522 652 2583 quo
691 2502 922 2584 Regem
961 2498 1116 2561 hunc
1146 2498 1555 2585 perturbatam
1585 2499 1754 2586 prius
1795 2499 1854 2561 in
1895 2499 2213 2584 Hungaria

268 2582 624 2668 judiciorum
660 2584 907 2646 sormam
946 2582 1019 2645 ad
1049 2586 1416 2647 Graecorum
1448 2584 1834 2647 imitationem
1868 2583 2217 2646 immutasse

280 2668 450 2740 dicit3
496 2667 611 2729 nisi
643 2667 843 2730 verius
876 2670 954 2731 sit
987 2668 1258 2744 credere,
1298 2670 1576 2732 Curiam
1628 2668 1850 2754 Regis
1902 2668 2216 2730 ambula-

280 2755 561 2828 toriam,
604 2753 1043 2836 generalem,
1082 2766 1199 2816 aut
1231 2754 1612 2839 specialem
1641 2751 1883 2837 regni,
1916 2752 2010 2814 vel
2049 2775 2212 2837 pro-

283 2836 556 2897 vinciae
604 2836 1257 2932 Congregationem
1318 2851 1379 2900 et
1424 2838 1540 2899 alia
1578 2836 1820 2899 ‚Iudicia
1875 2835 2214 2920 hujusmodi

282 2942 390 3006 per
424 2920 629 2980 Belam
663 2924 770 2980 lll.
803 2920 861 2980 in
894 2921 1083 2983 literis
1115 2921 1169 2983 b.
1202 2921 1370 2983 Petri
1405 2920 2036 3005 Quinqueeclesiensis
2077 2944 2219 2983 enu-

286 3015 514 3065 merata
546 3006 773 3086 Regem
805 3002 962 3065 hunc
993 3027 1067 3066 ex
1098 3004 1373 3080 Graecia,
1421 3004 1522 3066 ubi
1560 3003 1705 3065 nihil
1733 3003 1944 3066 horum
1975 3005 2219 3092 reperit,

283 3086 579 3161 attulisse,
613 3099 671 3149 et
701 3110 817 3149 non
851 3088 1075 3173 pridem
1109 3091 1513 3173 per'Majores
1546 3088 1822 3151 instituta
1851 3089 2220 3175 probataque

283 3194 390 3255 per
425 3171 476 3232 d.
505 3170 876 3256 Stephanum
911 3171 1311 3234 observasse?
1342 3186 1445 3235 aut
1478 3176 1728 3257 Regem,
1764 3170 1857 3235 cui
1899 3173 2041 3246 nihil
2082 3195 2218 3237 esse

284 3255 571 3318 debuerat
619 3254 948 3340 antiquiuS,
1011 3279 1186 3340 quam
1233 3269 1300 3318 ut
1343 3280 1558 3342 sparsa
1611 3257 1670 3318 in
1717 3257 1997 3320 invidiam
2051 3280 2220 3320 suam

286 3338 620 3423 opinionum
669 3352 1002 3403 commenta
1051 3364 1125 3402 ex
1180 3341 1391 3402 animis
1443 3342 1686 3417 evellat,
1743 3364 1873 3403 cum
1923 3354 2124 3405 cetera
2167 3340 2219 3403 d.

287 3421 576 3507 Stephani
613 3423 890 3486 instituta
929 3424 1232 3510 praesenti
1280 3448 1517 3512 semper
1555 3425 1749 3488 animo
1787 3438 2048 3501 teneret,
2087 3424 2219 3501 hoc,

289 3505 347 3565 in
380 3528 494 3588 quo
524 3505 579 3567 is
611 3520 786 3592 caput
841 3508 1170 3593 sapientiae
1199 3508 1391 3572 civilis
1423 3510 1772 3586 collocabat,
1806 3509 2111 3586 monitum,
2145 3532 2221 3573 ne
