2358 3874
1897 205 2083 259 XXXI

150 350 364 394 centem
415 357 518 409 pro
566 340 683 391 suis
722 337 972 391 fidelibus
1026 339 1280 409 servicijs
1334 338 1508 390 literis
1547 338 1663 389 suis
1703 340 2084 406 mediantibuS,

148 430 249 483 sibi
288 430 342 481 in
381 436 711 498 perpetuum
751 427 1103 488 eontulisset3
1166 428 1225 478 In
1279 426 1435 478 cuius
1491 425 1781 478 dominium
1822 428 1946 495 ipse
1985 446 2086 497 per

491 515 719 584 palatini
758 532 826 567 ac
863 512 1107 582 Capituli
1144 512 1405 565 Albensis
1445 512 1698 566 homines
1737 530 1799 566 se
1837 514 2084 585 legitime

154 603 425 656 introduci
857 602 959 653 sibi
1001 601 1171 652 statui
1209 600 1399 652 facere
1439 601 1798 668 postulasset,
1840 600 2086 672 Cumque

148 692 252 760 hys
290 691 573 759 perceptis
612 691 734 758 ipse
776 689 1026 741 dominus
1065 687 1350 756 palatinus
1390 696 1613 756 petente
1653 688 1780 756 ipso
1807 689 2084 760 Magistro

148 778 379 831 Nicolao
421 795 531 830 una
571 795 693 829 cum
734 775 1017 828 Michaele
1058 777 1124 827 de
1165 775 1381 844 Kyurth
1421 776 1579 846 regio
1621 784 1676 827 et
1714 777 1973 831 Ladislao
1999 778 2084 830 lit-

148 875 325 919 terato
367 866 496 917 dicti
534 863 775 933 Capituli
811 863 1150 927 hominibuS,
1189 862 1500 915 Johannem
1540 863 1872 934 Magistrum
1912 866 2085 918 homi-

147 971 272 1007 nem
311 970 499 1016 suum,
540 954 610 1004 ad
649 951 1064 1018 infrascriptam
1113 951 1580 1003 introduccionem
1628 962 1682 1003 et
1720 954 2085 1006 statucionem

145 1041 649 1111 possessionariam
689 1038 1002 1091 faciendam
1057 1039 1123 1089 de
1640 1038 1884 1092 Tandem
1923 1043 2086 1110 ydem

149 1131 220 1182 ad
258 1131 488 1182 eandem
527 1127 1042 1197 Congregacionem
1085 1143 1244 1177 suam
1285 1127 1355 1178 ad
1394 1126 1575 1194 ipsum
1616 1128 1891 1180 dominum
1931 1128 2086 1197 pala-

149 1217 318 1269 tinum
357 1215 570 1269 reversi
611 1215 786 1266 eidem
826 1230 1076 1266 consona
1102 1230 1241 1266 voce
1268 1213 1608 1278 retulissent,
1637 1217 1783 1283 quod
1809 1215 1918 1284 ipsi
1943 1215 2086 1268 feria

149 1315 349 1374 quarta
388 1303 646 1356 videlicet
697 1295 931 1354 decimo*
959 1302 1045 1353 die
1086 1302 1548 1372 congregacionis
1589 1318 1688 1353 sue
1727 1304 1974 1372 predicte
2015 1307 2086 1357 ad

148 1392 349 1444 faciem
389 1400 692 1443 memorate
718 1389 1096 1458 possessionis
1123 1389 1340 1441 Zantou
1380 1389 1490 1441 alio
1517 1391 1734 1442 nomine
1773 1391 2086 1444 lsouteleke

146 1488 347 1532 vocate
404 1479 598 1531 vicinis
656 1487 710 1530 et
761 1477 1154 1529 commetaneis
1207 1477 1453 1528 eiusdem
1505 1478 1782 1530 universis
1835 1477 2087 1547 legitime

145 1567 275 1619 inibi
313 1566 636 1619 convocatis
675 1574 730 1616 et
768 1564 1120 1633 presentibus
1160 1565 1495 1625 accedendO,
1538 1566 1664 1616 dum
1703 1566 1813 1634 ipsi
1857 1575 2087 1618 annota-

146 1664 261 1706 tum
299 1654 636 1724 Magistrum
671 1652 960 1705 Nicolaum
1009 1652 1062 1703 in
1103 1652 1396 1703 dominium
1437 1661 1729 1720 prenotate
1771 1654 2086 1721 possessio-

146 1744 233 1795 nis
285 1743 499 1795 Zantou
550 1741 661 1793 alio
718 1741 936 1793 nomine
986 1739 1305 1792 lsouteleke
1367 1748 1563 1792 vocate
1618 1740 1971 1795 introducere
2033 1751 2088 1794 et

148 1833 381 1883 eandem
422 1830 698 1899 premisso
738 1829 896 1898 regie
936 1827 1259 1879 collacionis
1299 1827 1453 1879 titulo
1495 1828 1670 1879 eidem
1710 1837 1959 1882 statuere
1991 1847 2085 1882 vo—

146 1919 397 1982 luissent,
436 1918 684 1970 Tandem
710 1916 996 1969 Johannes
1035 1915 1179 1967 filius
1206 1915 1382 1979 Pauli,
1422 1916 1475 1967 in
1503 1917 1696 1967 eadem
1725 1916 2086 1984 possessione

146 2008 433 2071 residenS,
490 2006 544 2057 in
596 2022 700 2058 sua
753 2013 807 2056 et
844 2003 1123 2055 Velentini
1177 2003 1268 2072 fily
1308 2005 1463 2055 Ende
1507 2022 1612 2056 nec
1662 2021 1772 2056 non
1813 2003 2086 2057 Johannis

146 2094 242 2164 fily
265 2093 480 2146 Nicolai
520 2092 778 2162 personis
816 2092 947 2144 inibi
985 2091 1322 2167 adherendo,
1363 2092 1635 2160 premisse
1686 2081 2087 2145 introduccsoni

147 2192 202 2234 et
241 2181 535 2234 statucioni
575 2181 749 2233 eidem
781 2179 1056 2250 Magistro
1084 2179 1319 2231 Nicolao
1360 2179 1539 2232 fiende
1580 2180 1957 2232 contradictor
1986 2197 2083 2248 ap-

148 2270 430 2339 paruisset
465 2269 558 2322 ubi
594 2269 704 2336 ipsi
741 2268 932 2337 regius
973 2275 1029 2318 et
1068 2267 1299 2336 predicti
1338 2268 1539 2319 domini
1576 2268 1817 2319 Emerici
1856 2266 2086 2337 palatini

599 2355 875 2419 homineS,
915 2354 1124 2406 eisdem
1163 2354 1430 2419 Johanni,
1471 2355 1767 2407 Valentino
1811 2364 1866 2407 et
1905 2355 2084 2407 altero

146 2442 385 2496 Johanni
440 2444 875 2506 commisissent,
934 2450 993 2494 ut
1050 2443 1155 2511 ipsi
1212 2443 1266 2494 in
1325 2443 1576 2511 predicta
1631 2443 2081 2513 congregacione

146 2531 351 2599 prefati
389 2532 590 2584 domini
630 2531 869 2583 Emerici
908 2530 1140 2598 palatini
1189 2532 1244 2583 in
1284 2532 1528 2584 crastino
1570 2531 1814 2582 eiusdem
1863 2532 1968 2582 diei
2007 2531 2084 2583 vi-

149 2619 348 2671 delicet
387 2618 528 2670 feria
567 2620 757 2688 quinta
798 2618 1076 2671 racionem
1109 2619 1572 2671 contradiccionis
1599 2635 1788 2670 eorum
1822 2619 2086 2670 reddituri

147 2709 588 2759 contra‘eundem
605 2706 937 2777 Magistrum
953 2706 1241 2758 Nicolaum
1263 2723 1590 2775 comparere
1613 2707 1877 2759 deberent
1894 2723 2086 2759 coram

148 2795 365 2847 domino
406 2795 651 2864 palatino
692 2795 997 2858 antediem,
1038 2793 1284 2846 Tandem
1322 2795 1448 2862 ipso
1501 2797 1744 2847 secundo
1786 2795 1870 2847 die
1909 2811 2084 2863 appa-

147 2892 330 2947 rente,
390 2883 643 2951 prefatus
682 2883 951 2953 magister
991 2882 1254 2934 Nicolaus
1293 2883 1647 2950 presentibus
1693 2882 1953 2950 predictis
1991 2882 2084 2934 Jo-

148 2970 330 3022 hanne
369 2971 666 3023 Valentino
708 2982 763 3023 et
801 2971 979 3023 altero
1021 2970 1274 3022 Johanne
1323 2987 1512 3022 coram
1557 2971 1683 3039 ipso
1725 2972 1943 3022 domino
1985 2987 2082 3039 pa-

146 3057 316 3110 latino
356 3056 704 3121 adherendo,
743 3060 1015 3126 premisse
1056 3059 1480 3111 contradictorie
1519 3059 1865 3111 inhibicionis
1918 3060 2084 3111 ratio-

147 3163 271 3197 nem
312 3145 595 3215 assignari
650 3145 994 3213 postulasset
1032 3165 1133 3215 per
1173 3149 1426 3210 eosdem,
1484 3146 1609 3205 Quo
1649 3155 1919 3214 percepto
1960 3163 2087 3214 prc-

146 3234 410 3285 nominati
450 3232 739 3285 ,Iohannes
778 3232 924 3284 filius
949 3234 1122 3296 Pauli,
1164 3243 1217 3285 et
1261 3234 1591 3285 Valentinus
1630 3232 1773 3284 filius
1811 3233 2086 3289 Endre.in

149 3320 327 3388 ipsius
367 3321 569 3372 domini
619 3320 848 3388 palatini
899 3320 1273 3387 personaliter
1325 3321 1677 3390 exsurgendo
1719 3323 2086 3388 presenciam,

150 3408 381 3458 eundem
429 3406 739 3458 Johannem
782 3406 948 3458 filium
997 3407 1213 3460 Nicolai
1268 3426 1500 3476 puerum
1549 3410 1788 3461 nondum
1843 3410 2086 3482 legitime

149 3496 312 3546 etatis
351 3494 473 3546 fore
513 3497 814 3557 asserendo
1446 3497 1580 3564 quia>
1614 3497 1761 3548 dicta
1800 3501 2086 3566 possessio
