2358 3874
1985 210 2065 268 57

157 377 288 418 nem
318 355 413 415 lex
456 352 691 415 deserte
727 351 918 415 reddit
951 349 1127 429 hanc,
1164 364 1230 414 ut
1270 374 1415 413 cum
1444 352 1658 414 Curia
1691 350 1936 436 Regis,
1972 374 2065 413 co-

155 462 280 502 ram
310 461 423 524 qua
463 438 592 500 sola
629 461 703 500 ex
741 437 1014 501 instituto
1056 437 1107 500 d.
1143 436 1450 523 Stephani,
1486 437 1748 499 Comites
1789 439 2065 522 majores—

157 548 269 611 que
309 522 713 609 Magistratus
746 526 886 609 jure
925 521 1223 585 conveniri
1258 534 1603 608 potuerant,
1636 520 1949 608 praecipue
1982 544 2067 582 ex

157 608 543 695 longinquo
601 607 754 671 sine
804 607 1133 670 molestia
1185 607 1362 670 adiri
1411 606 1850 693 nequiverit,
1926 605 2064 668 faci—

154 694 267 757 lior
306 693 696 781 reparandae,
752 693 802 755 si
848 715 998 778 quae
1039 715 1074 754 a
1120 692 1556 778 potentioribus
1604 705 1847 779 accepta
1882 704 2065 768 esset,

154 779 403 866 injuriae
448 780 817 866 oportunitas
849 778 1028 841 laesis
1073 790 1418 865 suppeteret
1446 786 1512 858 3).

332 965 378 1026 3)
412 964 531 1022 Quia
562 965 772 1029 populus
803 971 972 1013 noster
1000 965 1190 1028 magnis
1223 979 1366 1029 saepe
1398 972 1494 1014 tarn
1528 966 1655 1023 viae,
1697 980 1839 1028 quam
1871 964 2064 1029 inopiae

154 1050 401 1101 laboribus
447 1056 813 1114 praegravatuS,
864 1063 956 1114 pro
1007 1049 1218 1114 qualibet
1263 1050 1555 1100 necessitate
1606 1049 1800 1099 Curiam
1852 1049 2063 1113 regalem

154 1136 287 1186 adire
317 1150 414 1184 non
444 1141 624 1198 potest.
658 1134 778 1184 Ibid.
815 1150 858 1184 c.
895 1134 950 1184 2.
1001 1130 1163 1184 Verba
1202 1135 1323 1184 haec
1355 1135 1660 1195 Colomanni,
1696 1134 1735 1183 si
1767 1150 1879 1183 cum
1910 1134 2062 1183 literis

156 1220 463 1271 servientium
495 1220 640 1284 Regis
680 1219 738 1269 de
777 1221 884 1269 Zala
926 1236 1054 1270 saec.
1102 1216 1173 1269 13
1217 1221 1422 1270 exaratis
1463 1220 1755 1280 contendas,
1797 1227 1846 1269 et
1883 1233 2064 1269 naevos

154 1305 326 1356 veteris
358 1305 542 1354 ordinis
567 1304 828 1369 judiciarii,
863 1306 1038 1370 quibus
1072 1305 1403 1356 Colomannus
1428 1306 1684 1355 consulere
1717 1305 2064 1355 constitutione

153 1392 244 1440 hac
273 1390 507 1454 perrexit,
551 1398 598 1439 et
628 1391 952 1440 calamitatum
987 1406 1228 1440 summam
1259 1391 1418 1452 videS,
1460 1407 1581 1456 quae
1613 1390 1858 1455 antiquata
1889 1390 2064 1439 deinde

153 1475 498 1526 constitutione
529 1476 638 1535 hac,
671 1482 961 1541 revectoque
993 1476 1139 1525 veteri
1172 1476 1340 1526 ordine
1371 1476 1452 1526 illo
1478 1476 1763 1542 judiciariO,
1806 1476 1949 1525 simul
1980 1491 2063 1525 re·-

153 1561 299 1611 diere.

1009 1716 1050 1791 ς
1096 1719 1190 1774 11.

717 1883 941 1932 Laudes
987 1883 1261 1932 Instituti
1309 1882 1493 1948 hujus

323 2043 526 2128 Digna
549 2065 693 2105 sane
717 2045 904 2128 Rege,
930 2042 1028 2128 qui
1057 2042 1331 2129 princeps
1355 2042 1580 2141 ingenii
1599 2042 1906 2130 Arpadum
1933 2042 2062 2120 fuit,

154 2127 485 2205 solicitudo,
527 2131 620 2190 cui
651 2151 758 2214 per
789 2129 983 2214 legem
1021 2126 1172 2190 hanc
1211 2127 1297 2191 ita
1337 2128 1652 2206 satisfecit,
1688 2141 1754 2191 ut
1788 2129 2063 2192 instituto

154 2214 357 2277 eodem
389 2227 449 2278 et
475 2215 750 2300 populum
783 2213 1070 2277 adversus
1093 2215 1197 2298 jus
1233 2214 1619 2291 manuarium,
1663 2213 2064 2299 tyrannidem-

154 2322 266 2385 que
300 2300 779 2386 Olygarcharum
813 2299 941 2362 aevi
974 2297 1166 2375 medii,
1223 2322 1328 2362 ceu
1365 2299 1664 2387 praesenti
1693 2300 1902 2386 clypeo
1927 2322 2060 2386 pro-

153 2396 421 2469 tegeret,
471 2398 530 2448 et
568 2383 640 2447 ad
686 2383 1063 2448 obtinendum
1094 2385 1490 2470 aequabilem,
1554 2409 1667 2471 quo
1709 2386 2064 2449 Decretales

153 2471 506 2533 Pontificum
531 2469 857 2556 praeibant,
875 2471 934 2532 in
955 2473 1095 2556 jure
1127 2469 1375 2534 dicundo
1426 2470 1657 2534 modum
1694 2479 1762 2551 1),
1806 2471 2061 2535 forman-

155 2553 262 2617 dos
292 2553 542 2641 denique
575 2555 925 2618 confluentis
958 2555 1030 2618 ad
1061 2555 1563 2641 congregationes
1601 2555 1711 2618 has
1742 2555 2064 2619 multitudi-

155 2640 248 2702 nis
280 2664 507 2717 moreS,
540 2663 749 2703 novam
781 2639 1199 2726 quodammodo
1232 2643 1587 2728 palaestram
1620 2642 1894 2728 aperiret.
1950 2640 2064 2717 Qui

154 2729 212 2787 in
261 2725 532 2790 instituto
574 2725 687 2788 hoc
725 2748 1007 2812 perquam
1049 2726 1326 2803 salutari,
1377 2726 1633 2789 affectati
1677 2751 1781 2814 per
1821 2727 2063 2790 Hierar-

155 2811 339 2873 chiam
371 2811 759 2898 hungaricam
783 2811 840 2873 in
868 2811 1128 2898 potiores
1150 2810 1360 2894 judicii
1392 2812 1688 2898 specimen
1719 2812 1918 2876 videre
1948 2811 2064 2874 sibi

156 2895 458 2974 videntur,
505 2921 620 2975 non
675 2895 874 2960 vident
919 2896 1007 2972 id,
1054 2895 1206 2983 quod
1249 2897 1639 2959 clarissimum
1688 2911 1804 2961 est:
1837 2897 2065 2983 judicia

157 2978 302 3044 haec
338 2995 579 3069 propter
617 3005 879 3045 connexa
917 2980 1011 3044 his
1046 2982 1404 3069 gravissima
1443 2982 1833 3047 descensuum
1865 3007 2062 3058 onera,

158 3079 217 3129 et
256 3067 567 3153 Episcopis
618 3080 677 3130 et
726 3067 954 3154 populis
1004 3091 1204 3131 eorum
1256 3068 1704 3146 molestissima,
1733 3110 1817 3118 -—
1846 3068 2063 3131 sanciri

340 3282 379 3340 1)
411 3280 479 3329 Ita
519 3281 726 3341 sactum,
776 3290 829 3332 ut
864 3298 1034 3332 voces:
1066 3284 1236 3344 Actor,
1277 3284 1427 3344 actio,
1469 3283 1760 3334 renunciare
1798 3283 1975 3333 actioni
2013 3283 2062 3333 in

160 3366 279 3430 Reg.
312 3366 480 3415 Varad.
516 3365 644 3427 (vide
675 3382 724 3415 n.
766 3364 899 3427 116,
936 3365 1075 3428 296,
1112 3364 1250 3428 358,
1278 3364 1415 3430 360,
1452 3365 1596 3430 386)
1627 3369 1810 3418 formae
1840 3368 1956 3418 item
1985 3368 2063 3417 lo—

160 3450 335 3515 quendi
370 3457 526 3512 „ante
557 3450 653 3500 litis
685 3451 1129 3501 contestationem“
1163 3452 1282 3512 „lite
1313 3457 1643 3514 contestata,“
1664 3453 1734 3503 uti
1764 3453 1852 3503 has
1873 3454 2061 3504 Literae

162 3534 345 3600 Regum
379 3536 436 3585 de
468 3550 510 3585 a.
551 3530 726 3596 1263,
767 3534 923 3586 1266
955 3536 1201 3599 adhibent,
1234 3538 1375 3603 vulgo
1408 3555 1600 3605 quoque
1630 3539 2009 3590 innotescerent.
