2358 3874
295 195 472 248 XVm

296 326 563 380 Abrahae
616 325 709 376 filii
760 323 938 375 Delus
997 321 1227 374 Comitis
1281 332 1466 374 terrae
1518 322 1671 375 Sauli
1735 325 2141 395 contignatam,
2198 343 2234 378 a

295 424 461 485 parte
504 412 809 483 aquiloniS,
849 427 885 463 a
923 418 1085 478 parte
1126 428 1263 463 vero
1304 410 1618 461 meridionis
1669 411 1851 464 vicina
1907 419 1994 463 est
2049 400 2257 465 terrae*

294 503 669 557 Castrensium
711 501 777 551 de
815 498 1062 551 Karcha.
1102 498 1232 550 Inde
1273 498 1446 550 tendit
1479 513 1680 549 versus
1722 499 2019 568 orientem,
2066 507 2120 551 et
2158 499 2231 551 ibi

298 600 425 644 sunt
464 592 606 642 duae
646 596 827 639 metae
875 594 1119 638 terreae.
1189 586 1319 637 Inde
1375 585 1546 636 tendit
1598 601 1797 637 versus
1846 586 2110 638 orientem
2163 588 2233 639 ad

296 686 535 749 quatuor
571 684 750 727 metas
789 683 1033 737 terreaS,
1075 689 1218 743 quae
1258 681 1387 725 sunt
1424 673 1582 723 iuxta
1622 680 1827 724 terram
1867 671 2050 735 Sauli,
2106 672 2235 726 hinc

295 765 543 818 ascendit
594 764 665 814 ad
705 763 996 830 quemdam
1035 760 1301 824 rivulum,
1355 760 1446 829 qui
1495 768 1579 811 est
1617 760 1671 811 in
1711 769 1863 812 terra
1906 758 2089 824 Sauli,
2145 762 2236 814 ubi

294 860 423 905 sunt
460 859 698 920 quatuor
736 857 919 901 metae
959 857 1200 910 terreae3
1238 849 1392 900 iuxta
1433 850 1664 900 eundem
1705 847 1941 900 rivulum
1982 848 2135 900 vadit
2163 851 2233 900 ad

293 940 456 993 finem
509 939 754 990 eiusdem
811 936 1001 1000 rivuli,
1058 937 1151 989 ubi
1209 936 1645 988 conterminatur
1697 952 1878 1004 aquae
1916 935 2110 1005 Lapos
2157 936 2236 987 Er

294 1028 495 1090 dictae,
536 1034 590 1077 et
628 1025 700 1077 ibi
740 1034 868 1076 sunt
907 1032 1146 1094 quatuor
1184 1033 1386 1076 metae.
1427 1023 1565 1083 Hinc
1602 1024 1775 1075 tendit
1811 1023 1964 1076 iuxta
2004 1026 2236 1076 eandem

297 1131 497 1183 aquam
537 1129 736 1165 versus
776 1112 1067 1176 orientem,
1105 1113 1198 1164 ubi
1237 1121 1367 1163 sunt
1406 1113 1646 1181 quinque
1685 1121 1887 1164 metae.
1926 1112 2055 1164 Inde
2082 1112 2238 1165 iuxta

291 1203 523 1253 eandem
564 1216 764 1269 aquam
809 1199 920 1250 itur
957 1215 1160 1251 versus
1200 1199 1483 1251 orientem*
1512 1201 1584 1251 ad
1624 1209 1850 1268 pontem
1880 1231 1945 1238 -
1974 1231 2039 1238 —
2107 1201 2238 1253 Inde

293 1305 493 1341 versus
531 1288 718 1341 villam
747 1286 976 1339 Karcha
1002 1286 1269 1341 Abrahae
1307 1287 1403 1340 filii
1431 1286 1612 1340 Sebus
1651 1295 1705 1339 et
1741 1288 1815 1340 ibi
1849 1288 1963 1340 exit
1989 1288 2058 1340 de
2085 1288 2237 1353 villa,

294 1377 388 1429 ubi
427 1385 555 1428 sunt
592 1386 708 1428 tres
747 1384 947 1428 metae.
989 1375 1059 1427 Et
1097 1377 1252 1428 iuxta
1290 1376 1493 1429 dictam
1532 1376 1721 1429 villam
1762 1375 2028 1428 Abrahae
2065 1376 2238 1428 tendit

295 1481 492 1516 versus
532 1465 876 1516 occidentem
914 1464 1069 1516 iuxta
1109 1465 1385 1533 quoddam
1423 1463 1730 1527 fossatum,
1784 1463 1877 1516 ubi
1927 1471 2055 1515 sunt
2093 1464 2237 1516 duae

294 1560 496 1615 metae,
533 1552 658 1604 inde
699 1552 952 1604 ascendit
990 1551 1061 1603 ad
1088 1561 1369 1621 stagnum,
1410 1553 1555 1620 quod
1597 1551 1796 1603 dicitur
1820 1551 2057 1621 Agto—
2083 1580 2233 1589 ——

298 1648 352 1691 et
408 1656 512 1707 per
565 1640 710 1691 idem
764 1647 1022 1709 stagnum
1081 1639 1237 1691 iuxta
1297 1639 1474 1690 dictas
1535 1646 1715 1690 metas
1773 1639 1972 1690 transit
2039 1653 2239 1691 versus

298 1726 794 1794 Septemtrionem,
833 1726 926 1778 ubi
964 1735 1092 1778 sunt
1130 1728 1273 1778 duae
1313 1735 1513 1778 metae.
1570 1727 1700 1778 Inde
1754 1727 1925 1778 tendit
1973 1728 2045 1779 ad
2097 1727 2238 1779 duas

299 1822 476 1867 metas
528 1823 763 1866 terreaS.
835 1813 974 1866 Hinc
1025 1815 1274 1866 ascendit
1323 1832 1521 1883 parum
1549 1831 1748 1868 versus
1776 1814 2238 1884 septemtrionem

298 1903 454 1954 iuxta
493 1919 755 1972 magnam
796 1903 982 1966 viam,
1021 1903 1114 1955 ubi
1153 1911 1280 1954 sunt
1319 1904 1461 1955 duae
1501 1912 1701 1954 metae.
1780 1903 1919 1955 Hine
1957 1933 2023 1941 —-
2065 1902 2237 1955 flecti·

297 1998 386 2041 tur
425 2006 624 2041 versus
664 1988 1146 2058 Septemtrionem,
1185 1991 1278 2043 ubi
1317 2000 1445 2043 sunt
1485 1993 1626 2044 duae
1665 2000 1879 2056 metae,
1921 1990 2047 2043 hinc
2087 1990 2237 2044 veni·

298 2087 388 2128 tur
436 2078 507 2129 ad
556 2087 735 2130 metas
787 2079 1036 2147 prioreS,
1095 2080 1164 2130 de
1214 2079 1413 2148 quibus
1459 2079 1666 2148 incipit.
1734 2079 1870 2130 Item
1921 2078 2122 2144 Prata,
2184 2086 2239 2132 et

295 2181 475 2233 aquae
520 2164 609 2217 his
662 2166 944 2219 ordinibus
989 2166 1355 2231 inchoantur,
1408 2167 1587 2236 prima
1636 2176 1786 2219 meta
1844 2166 2034 2235 incipit
2081 2166 2238 2219 iuxta

296 2262 519 2317 terram,
542 2271 708 2323 quam
733 2253 1071 2307 Dominus
1109 2255 1252 2307 Rex
1295 2256 1510 2308 eidem
1539 2254 1804 2307 Eturuh
1843 2254 2139 2307 contulit
2169 2257 2235 2324 ⁵),

296 2342 389 2394 ubi
426 2342 479 2394 in
524 2342 693 2395 Prato
744 2351 830 2395 est
866 2361 978 2396 una
1016 2353 1185 2396 meta.
1256 2343 1394 2396 Hinc
1435 2351 1618 2396 autem
1669 2343 1779 2395 itur
1826 2360 1931 2412 per
1971 2342 2237 2394 Paludem

299 2429 455 2482 Kech
496 2432 570 2482 ad
610 2432 750 2483 duas
788 2439 985 2496 metaS,
1026 2449 1168 2501 quae
1209 2441 1338 2484 sunt
1375 2433 1478 2484 sub
1517 2432 1706 2490 Domo,
1737 2430 1978 2483 Kencsir
2002 2430 2070 2500 ⁶).
2108 2429 2240 2482 lnde

291 2517 444 2569 vadit
484 2534 686 2570 versus
727 2518 1007 2571 meridiem
1064 2521 1133 2571 ad
1175 2518 1339 2571 finem
1379 2520 1665 2571 cuiusdam
1708 2518 1907 2589 Stagni
1943 2518 2098 2588 'Agto
2141 2535 2236 2570 vo-

298 2605 438 2669 cati,
496 2613 550 2657 et
599 2605 673 2658 ibi
722 2607 837 2658 exit
876 2609 944 2659 de
985 2624 1131 2677 aqua
1167 2606 1326 2659 Kech
1374 2607 1467 2659 ubi
1504 2615 1633 2659 sunt
1671 2609 1812 2659 duae
1851 2614 2051 2658 metae.
2107 2605 2238 2658 Inde

297 2687 468 2745 tendit
507 2694 599 2745 ubi
637 2694 692 2746 in
731 2693 971 2747 flexione
1012 2696 1257 2747 eiusdem
1296 2694 1455 2747 Kech
1494 2703 1622 2747 sunt
1660 2696 1804 2747 duae
1840 2699 2046 2746 metae.
2105 2693 2235 2745 Inde

296 2781 443 2832 vadit
493 2781 648 2834 iuxta
673 2781 846 2834 -Kech
902 2784 972 2834 ad
1032 2786 1172 2835 duas
1223 2792 1420 2835 metas·
1480 2782 1618 2834 Hinc
1667 2784 1735 2834 de
1785 2778 1944 2834 Kech
1995 2780 2237 2832 flectitur

295 2884 494 2919 versus
534 2870 814 2921 meridiem
855 2889 957 2939 per
997 2873 1270 2940 quoddam
1313 2872 1622 2933 i'oenetum,
1686 2879 1741 2921 et
1791 2870 1865 2922 ibi
1914 2878 2041 2921 sunt
2093 2869 2235 2920 duae

296 2964 496 3006 metae.
538 2956 675 3008 Hinc
713 2959 864 3010 venit
903 2961 973 3010 ad
1014 2958 1286 3030 Stagnum
1328 2959 1533 3022 BarcS,
1583 2958 1740 3010 cuius
1779 2973 1960 3026 aquae
2001 2956 2235 3025 puritaS,

295 3060 438 3112 quae
481 3042 730 3112 Gyolcs
778 3046 975 3098 dicitur
1011 3048 1060 3115 ⁷)
1100 3053 1152 3099 in
1193 3046 1415 3116 vulgari
1453 3045 1681 3114 respicit
1728 3044 1943 3097 Eturuh
1994 3052 2048 3097 et
2102 3061 2236 3098 suos

451 3259 497 3327 ⁵)
523 3262 578 3308 Ut
603 3263 764 3310 literae
803 3266 1137 3325 praecedentes
1180 3274 1418 3312 testantur.

446 3335 491 3395 6)
522 3336 722 3382 Gonczol
749 3337 915 3384 Karcsa
956 3340 1109 3386 hodie.

448 3408 491 3467 ⁷)
519 3410 673 3468 Aquae
714 3409 805 3468 jam
849 3412 1025 3467 nullae;
1073 3413 1154 3458 sed
1213 3413 1532 3459 Diverticulum
1572 3427 1782 3470 agrorum
1825 3413 1935 3465 hoc,
1990 3413 2231 3458 etiamnum

297 3479 425 3523 Sotet
466 3481 626 3539 Gyolcs
666 3490 864 3529 vocatur.
