2280 3918
319 177 402 231 5⁰

327 317 443 377 {ius
461 316 886 378 Colomannum
917 335 1032 373 non
1056 311 1484 374 incommodum
1506 311 1864 398 aliquamdiu
1887 313 2244 400 Principem,

323 412 534 486 postea
557 397 914 462 discessisse
952 421 987 459 a
1016 396 1357 483 semetipso,
1401 409 1459 460 et
1490 419 1628 459 sera
1669 397 1905 461 tandem
1938 412 2127 463 morte
2162 401 2244 463 la-

325 484 593 571 chrymis·
635 484 907 568 votisque
960 481 1157 568 populi
1211 481 1581 545 satisfecisse
1631 483 1947 546 scriberet!
2002 487 2245 549 Partem

328 595 528 658 opum:
567 569 822 657 pistrina
869 569 1115 648 (molas)
1159 581 1219 632 et
1255 568 1536 655 piscinaS‚
1574 590 1722 653 quas
1758 572 1964 655 Reges
2013 569 2245 634 modum

324 655 758 718 munificentiae
809 654 859 716 d.
902 652 1193 740 Stephani
1234 653 1639 740 supergressi,
1678 678 1794 717 non
1827 663 1950 717 tam
1983 656 2245 721 necessi-

326 741 583 817 tatibus„
616 764 788 826 quam
823 738 1088 802 aviditati
1126 752 1185 802 et
1215 739 1567 826 importunis
1600 739 1927 826 aliquorum
1961 739 2032 804 de
2067 742 2246 805 Clero

322 825 601 912 precibus
641 838 970 900 cesserant,
1005 828 1230 912 recepit
1268 826 1694 899 Colomannus3
1732 850 1847 889 non
1885 829 2119 912 privato
2154 851 2247 890 ar-

319 911 516 986 bitrio,
556 910 660 973 sed
694 911 1056 974 senatorio
1094 911 1319 974 totius
1367 911 1574 997 regni
1619 911 1856 975 decreto
1884 919 1957 992 1);
2004 912 2245 1000 Capitu-

318 997 427 1059 lari
462 999 829 1059 Francorum
855 997 927 1060 de
963 1020 1012 1059 a.
1052 1003 1177 1059 846
1210 1020 1325 1059 non
1357 1010 1587 1060 tantum
1629 998 1946 1075 simillimo,
1985 998 2093 1062 sed
2141 1022 2247 1086 ge-

321 1083 491 1145 mello
542 1083 715 1169 plane
746 1089 827 1162 2);
883 1080 1037 1169 quod
1081 1082 1390 1167 indignum
1432 1081 1734 1164 videretur
1774 1083 1885 1147 hos
1929 1107 2129 1148 rerum
2173 1084 2245 1148 ad

503 1269 546 1328 ¹)
577 1268 813 1318 Praefatio
844 1269 1022 1318 Albrici
1053 1274 1082 1329 ὃ
1118 1266 1212 1318 11.
1245 1268 1321 1318 Nil
1352 1269 1411 1318 de
1443 1269 1535 1318 hac
1561 1269 1937 1336 Chronographi
1967 1270 2058 1331 illi,
2093 1270 2245 1337 Capi-

325 1353 481 1402 tulare
520 1368 634 1402 vero
668 1354 828 1403 Caroli
868 1354 987 1404 calvi
1026 1354 1077 1404 in
1111 1354 1220 1404 villa
1251 1343 1500 1420 Sparnaco
1533 1355 1592 1404 de
1622 1370 1667 1405 a.
1704 1350 1823 1405 8146
1856 1356 2059 1421 (Baluzii
2091 1357 2149 1407 T.
2178 1357 2240 1407 ll.

316 1454 373 1502 ρ..
397 1434 500 1499 31)
525 1439 604 1488 cui
635 1439 711 1489 lex
734 1439 855 1489 haec
887 1446 1225 1505 superstructa
1247 1447 1339 1501 est,
1365 1441 1562 1506 penitus
1580 1440 1886 1505 ignorabant.
1919 1441 2120 1492 Videtur
2141 1458 2238 1492 no-

318 1523 394 1573 bis
420 1554 488 1559 —
525 1525 590 1574 ita
623 1524 832 1574 Ordines
863 1526 1164 1577 Francorum
1199 1555 1266 1561 ——-
1294 1526 1407 1575 utile
1438 1534 1486 1575 et
1516 1527 1875 1588 necessarium,
1909 1535 1964 1576 ut
1993 1528 2163 1578 fideles
2193 1535 2250 1577 et>

319 1615 550 1659 strenuos
597 1610 777 1662 missos
831 1627 888 1660 ex
933 1618 1142 1676 utroque
1183 1611 1353 1661 ordine
1394 1627 1483 1676 per
1522 1612 1741 1676 singulos
1781 1613 2055 1662 Comitatus
2102 1613 2242 1678 regni

317 1693 465 1744 vestri
496 1695 715 1756 mittatiS‚
751 1697 833 1760 qui
865 1697 1027 1746 omnia
1060 1696 1317 1760 diligenter
1345 1696 1635 1757 inbrevient,
1671 1713 1794 1762 quae
1824 1705 2050 1763 tempore
2082 1699 2154 1749 avi
2185 1715 2241 1749 ac

315 1780 467 1843 patris
496 1781 671 1840 vestri,
704 1781 778 1830 vel
807 1781 857 1831 in
888 1782 1022 1846 regio
1053 1781 1331 1847 specialiter
1361 1782 1580 1843 servitio,
1630 1783 1704 1832 vel
1741 1782 1790 1832 in
1823 1784 2115 1833 vasallorum
2145 1785 2242 1834 do-

315 1865 576 1915 miniorum
617 1865 869 1916 beneficiis
911 1868 1127 1927 fuerant⁷
1179 1873 1226 1916 et
1264 1867 1380 1932 quid
1427 1868 1500 1917 vel
1541 1868 1748 1932 qualiter
1785 1875 1868 1919 aut
1906 1884 2141 1934 quasnam
2182 1886 2240 1920 ex

316 1951 428 2000 inde
461 1950 666 2016 quisque
698 1952 845 2002 modo
876 1953 1101 2013 retineat,
1137 1959 1185 2002 et
1216 1954 1486 2003 secundum
1518 1954 1768 2004 veritatem
1801 1955 2121 2006 renuncietur
2150 1972 2240 2006 vo-

316 2036 409 2085 bis.
462 2036 525 2086 Et
554 2037 637 2086 ubi
666 2037 972 2099 inveneritiS‚
1018 2039 1128 2103 quia
1167 2039 1290 2088 ratio
1323 2046 1371 2088 et
1401 2040 1582 2089 utilitas
1613 2056 1669 2089 ac
1701 2041 1822 2090 ordo
1855 2056 1942 2091 seu
1981 2041 2158 2092 veritas
2187 2042 2238 2092 in

315 2121 587 2187 absumptis
634 2122 705 2172 vel
746 2123 1091 2174 donationibus
1129 2124 1426 2187 habeantur3
1483 2126 1533 2174 in
1581 2132 1711 2175 statu
1756 2134 2108 2191 permaneant3
2155 2127 2238 2178 ubi

315 2214 476 2256 autem
529 2208 1035 2259 irrationabilitas
1088 2210 1162 2259 vel
1219 2211 1383 2275 potius
1440 2211 1572 2261 fraus
1620 2211 1867 2273 inventae,
1935 2228 2048 2262 una
2109 2229 2235 2263 cum

315 2293 576 2342 consilio
629 2293 898 2344 fidelium
953 2302 1326 2358 vestrorum,
1383 2296 1479 2347 hoc
1527 2297 1688 2346 taliter
1733 2298 1961 2363 corigite‚
2018 2305 2073 2348 ut
2112 2299 2236 2349 ratio

315 2385 459 2443 atque
498 2379 676 2429 utilitas
723 2395 811 2429 seu
850 2379 1039 2445 justitia
1078 2397 1178 2430 non
1220 2382 1536 2444 deserantur,
1593 2390 1641 2432 et
1690 2383 1949 2448 dignitas
2007 2394 2237 2435 vestrae

313 2464 802 2528 Magnificentiae
831 2481 941 2530 per
969 2467 1404 2517 necessitatem
1443 2467 1522 2518 ita
1561 2468 1701 2518 vilis
1733 2485 1850 2518 non
1887 2469 2022 2530 fiat3
2079 2470 2237 2520 sicut

314 2564 415 2597 vos
454 2566 568 2599 non
600 2550 813 2600 decere
853 2553 1270 2617 cognoscitur;
1313 2554 1548 2618 quoniam¹
1576 2555 1753 2604 domus
1784 2562 1943 2604 vestra
1974 2555 2113 2605 aliter
2142 2556 2238 2606 ob-

317 2635 499 2699 sequiis
531 2636 914 2686 domesticorum
947 2638 1125 2703 repleri
1163 2654 1263 2688 non
1302 2640 1508 2704 poterit,
1549 2641 1643 2689 nisi
1675 2641 1942 2690 habueritis
1975 2642 2102 2690 unde
2126 2657 2237 2691 me-

317 2720 422 2769 ritis
453 2722 771 2785 respondere,
805 2729 854 2772 et
882 2723 1175 2788 indigentiae
1208 2724 1434 2775 solatium
1465 2726 1592 2775 serre
1621 2727 1824 2790 possitis
1856 2732 1904 2775 et
1934 2726 2005 2775 sic
2035 2726 2233 2777 demum

313 2820 447 2869 resp.
480 2813 638 2856 vestra
670 2807 728 2856 de
761 2824 849 2857 suo
882 2810 1157 2874 sufragetur
1188 2810 1296 2867 sibi,
1331 2815 1379 2859 et
1408 2810 1707 2870 Eclesiae,
1748 2827 1774 2860 a
1807 2810 1983 2876 quibus
2014 2827 2113 2861 non
2147 2828 2234 2861 ex—

312 2890 478 2954 pedit,
522 2891 855 2942 habeantur
883 2894 1193 2945 immunes.
1235 2895 1306 2945 De
1337 2895 1482 2944 simili
1513 2897 1925 2946 monasteriorum
1955 2897 2006 2946 in
2029 2897 2235 2963 Hunga-

312 2975 381 3024 ria
416 2977 696 3027 conditione
727 2978 866 3028 locus
899 2986 973 3028 est
1004 2980 1447 3030 commemorabilis
1479 2981 1607 3046 apud
1638 2981 1816 3032 Peterf.
1851 2982 1912 3032 ad
1943 2990 2090 3048 caput
2102 2983 2229 3033 XIII.

311 3061 343 3110 l.
378 3061 438 3111 ll.
471 3062 616 3112 Decr.
651 3079 691 3112 s,
727 3063 897 3128 Steph.
932 3065 1023 3115 sub
1053 3065 1112 3115 X.

489 3145 539 3215 2)
573 3147 678 3198 Col.
713 3148 855 3199 Decr.
889 3149 946 3199 L.
985 3147 1038 3200 1.
1080 3166 1190 3216 cap.
1230 3148 1331 3201 15:
1368 3151 1538 3212 „Quia
1574 3169 1631 3202 eo
1663 3153 1826 3203 minus
1856 3154 2046 3204 videtur
2074 3154 2231 3204 valere

319 3232 480 3294 Curia,
521 3235 783 3298 quominus
822 3242 1092 3301 suppetunt
1120 3237 1421 3299 necessaria;
1465 3253 1527 3287 ne
1558 3246 1724 3288 nostra
1763 3239 2057 3290 abundantia
2087 3239 2233 3291 nimis

315 3318 580 3381 superfluat
610 3320 838 3384 penuria:
872 3321 1056 3386 placuit
1086 3338 1258 3372 omnes
1288 3323 1538 3388 pistrinas‚
1574 3332 1768 3389 praeter
1798 3340 1919 3391 quas
1950 3342 1991 3376 s.
2018 3325 2234 3390 Stepha-

313 3417 406 3450 nus
437 3403 714 3467 donaverat,
750 3406 870 3455 solio
892 3406 1056 3472 Regali
1087 3409 1319 3471 reddere;
1356 3410 1466 3474 quia
1498 3410 1750 3476 indignum
1783 3418 1886 3461 erat
1913 3410 2057 3460 nobis
2086 3426 2231 3460 rece-

313 3486 555 3546 dentibus,
584 3490 824 3540 Curialem
857 3492 1113 3543 nobiscum
1148 3495 1384 3544 honorem
1419 3497 1665 3554 recedere,
1699 3497 1782 3546 ubi
1813 3503 2026 3561 praestat
2058 3511 2148 3547 nos
2181 3504 2229 3545 et
