2280 3918
603 915 684 981 V.
758 912 1007 980 REX
1083 913 1410 979 BELA
1472 915 1517 980 Ι.

709 1079 768 1129 ab
798 1095 926 1129 anno
963 1079 1114 1131 1061
1142 1111 1208 1116 —
1232 1077 1408 1131 1063.

996 1332 1136 1406 §r

574 1484 668 1548 qui
714 1491 770 1533 et
814 1483 1167 1534 Adalbertus
1213 1484 1551 1534 vocabatur.

279 1646 456 1705 Hunc
485 1643 709 1706 Album
751 1643 1105 1730 scriptoreS‚
1155 1644 1470 1707 Albertum
1513 1647 1681 1721 item,
1731 1643 2023 1706 Adalber-

112 1741 350 1813 tumque
390 1741 627 1805 vocant,
674 1728 825 1815 quod
865 1750 1081 1792 nomen
1117 1730 1298 1793 Belae
1328 1732 1451 1815 jam
1499 1729 1687 1791 sacris
1725 1727 2024 1792 codicibus

112 1817 331 1876 veteris
370 1813 525 1899 legis
562 1814 890 1900 cognitum,
953 1840 986 1878 a
1021 1816 1258 1879 Slavico
1286 1815 1458 1879 ,biele
1491 1815 1893 1902 imprudentes
1930 1837 2022 1875 ar-

110 1911 366 1962 cessant.
427 1900 705 1962 Alterum
746 1900 797 1964 ei
838 1925 1047 1965 nomen
1098 1902 1404 1964 lustricum
1457 1899 1785 1963 Adalberto
1835 1897 2022 1967 fuisse

109 1983 340 2048 facilius
386 2008 738 2048 concessero
766 2034 781 2063 ,
839 2010 1011 2073 quam
1047 2011 1155 2050 seu
1194 1985 1315 2064 his,
1362 2010 1467 2049 seu
1500 1986 1597 2073 qui
1630 2009 1843 2049 nomen
1877 1985 2026 2048 Bela

108 2070 439 2157 Majoribus
485 2070 709 2134 nostris
751 2071 1232 2150 usitatissimum,
1301 2076 1515 2158 Benyn
1540 2121 1556 2149 ,
1615 2084 1718 2135 aut
1755 2070 2025 2155 Benyz16

21 2228 28 2231 ⁸
109 2156 601 2244 interpretantur,
648 2156 1042 2222 subscribere.

991 2350 1132 2425 §2

114 2501 346 2550 Maximi
388 2501 679 2566 Princeps
723 2501 901 2550 animi
947 2500 1200 2551 Comitia
1245 2507 1563 2559 convocat,
1619 2499 1722 2549 sed
1777 2514 2022 2564 quorum

162 2586 396 2636 fructus
439 2585 783 2636 inconditae
828 2586 1236 2636 multitudinis
1282 2586 1539 2637 tumultu
1582 2585 1970 2634 interversuS.

282 2747 429 2809 Bela
469 2769 517 2808 a.
564 2753 725 2809 1061
770 2758 941 2809 sexta
979 2745 1363 2820 Decemb1·iS‚
1417 2757 1696 2831 suscepta
1730 2743 1800 2806 de
1845 2742 2026 2822 mani-

113 2831 225 2894 bus
256 2831 684 2919 Episcoporum
723 2855 964 2904 corona,
1011 2855 1263 2917 regnum
1288 2855 1322 2892 a
1353 2831 1594 2893 lenitate
1621 2842 1679 2892 et
1717 2828 2026 2892 clementia

117 2940 289 2979 orsus
339 2918 532 3003 legem
575 2918 736 2995 tulit,
792 2942 865 2980 ne
902 2918 995 2979 cui
1039 2941 1149 2979 sua
1187 2917 1248 2979 in
1283 2916 1587 2980 Andream
1618 2928 1717 2978 aut
1759 2915 2025 2978 Salomo-

115 3024 245 3065 nem
291 3000 440 3064 fides
495 3002 685 3065 fraudi
744 3016 923 3066 esset.
1004 3003 1385 3065 Praeclarum
1436 3001 1549 3065 hoc
1600 3023 1871 3088 quoquc,
1942 3000 2027 3062 uti

0 3078 4 3123 ἶ
50 3086 63 3098 ’“
116 3086 310 3149 omnia
336 3091 493 3184 ejus,
540 3088 695 3174 quod
725 3090 878 3151 ultra
911 3111 1131 3151 morem
1166 3087 1295 3151 aevi
1326 3087 1419 3150 sui
1447 3110 1839 3175 progressuS‚
1887 3108 2023 3147 con-

115 3171 306 3234 silium
337 3171 466 3234 iniit
498 3172 774 3260 Principe
806 3173 1039 3236 maximi
1071 3174 1247 3236 animi
1276 3173 1544 3258 dignum,
1590 3184 1656 3235 ut
1687 3170 1888 3233 missis
1961 3193 2026 3233 er

114 3276 365 3343 regnum
383 3257 807 3344 praeconibuS‚
861 3283 935 3321 ex
965 3259 1221 3344 singulis
1246 3258 1420 3345 pagis
1459 3260 1884 3338 (Comitatuum
1958 3279 2028 3318 oc

44 3393 50 3396 .
118 3342 268 3430 apud
321 3343 534 3406 latinos
571 3366 780 3405 nomen
823 3356 950 3420 est,
998 3343 1163 3429 quod
1191 3341 1632 3428 chronographi
1691 3364 1821 3403 cum
1874 3340 2030 3403 villis

120 3441 480 3492 commutant
527 3427 799 3514 saepius)
859 3427 1005 3492 duos
1050 3428 1123 3492 ad
1174 3427 1427 3491 Comitia
1485 3427 1705 3490 Albam
1739 3438 2031 3504 evocaret,

125 3526 452 3578 ceterorum
486 3513 709 3601 pariter
743 3512 927 3578 vicem
962 3513 1288 3577 functurus.
1334 3510 1639 3588 Sedenim
1673 3536 1773 3577 res
1806 3535 1876 3577 ea
1897 3535 2031 3576 con—
