2358 3874
1982 210 2104 267 185

166 354 395 430 mahat,
447 350 520 414 ad
571 353 851 439 impetum
907 351 1070 413 illum
1119 351 1468 438 prorupisse
1515 350 1765 425 fatetur,
1817 361 1877 411 et
1906 349 2105 435 piacu-

166 439 305 513 lum,
356 447 591 498 centum
627 458 893 511 marcaS,
944 436 1005 496 in
1061 437 1467 520 elemosynam
1511 446 1859 520 perpetuam
1910 447 2104 496 vovet.

163 525 312 583 Erat
365 520 564 606 itaque
609 521 704 582 vel
744 520 1086 582 testimonio
1127 518 1337 581 harum
1383 521 1692 582 literarum
1734 531 1795 582 et
1838 517 1912 581 ad
1951 521 2105 579 acci-

202 603 435 667 iendam
473 616 534 667 et
579 602 984 690 deponendam
1030 604 1416 666 offensionem
1464 602 1659 665 animo
1701 602 1895 679 molli,
1949 599 2104 687 quod

161 628 463 752 liominum
511 711 707 774 genus
755 688 974 751 nemini
1023 712 1140 750 non
1189 701 1489 773 tamquam
1542 687 1761 750 bonum
1809 685 2104 749 laudatur.

163 772 288 836 Sed
312 772 484 849 enim,
511 772 597 835 uti
616 772 966 835 Ladislaum
987 796 1162 848 nunc,
1191 796 1264 835 ex
1288 772 1479 834 literis
1503 772 1780 858 propriiS,
1807 791 1922 857 age
1946 769 2103 847 dum,

158 861 464 943 Legatum
495 857 859 942 Religionis,
893 857 1291 932 Concordiae,
1323 856 1624 941 Pacisque
1655 856 1929 941 publicae
1961 854 2102 916 mis-

162 965 293 1005 sum
331 963 532 1017 causa,
564 942 625 1003 in
657 964 831 1025 quam
862 940 1179 1026 praecipue
1210 963 1355 1016 rem,
1394 940 1815 1003 elaborandum
1849 940 1964 1002 sibi
1997 939 2102 1001 du-

158 1026 345 1102 xerit,
405 1047 480 1088 ex
542 1025 818 1112 capitulis
850 1025 1358 1088 Constitutionum
1395 1027 1526 1110 ejus
1562 1024 1880 1086 videamus
1918 1025 2106 1086 Plura

159 1111 214 1174 is
261 1110 331 1175 ad
382 1108 752 1196 disciplinam
800 1110 996 1189 Cleri3
1049 1108 1164 1173 hoc
1206 1109 1282 1172 ad
1327 1109 1500 1172 Juris
1550 1131 1785 1194 quoque
1835 1107 2102 1171 ordinem

161 1194 589 1259 emendandum
632 1193 1077 1281 sapientissime
1126 1193 1422 1257 decrevit:
1478 1194 1696 1256 Clerici
1743 1194 2104 1256 sententiam

160 1279 478 1365 sanguinis
510 1302 585 1342 ne
617 1278 871 1352 dictent3
905 1302 1116 1364 aquam
1142 1280 1238 1341 vel
1269 1279 1494 1340 serrum
1526 1277 1786 1340 candens
1818 1301 1894 1340 ne
1924 1277 2103 1340 bene-

157 1363 358 1448 dicant
389 1370 451 1442 1).
496 1366 586 1425 At
617 1385 759 1425 vero
789 1367 1069 1448 Legatus
1098 1362 1254 1425 idem
1283 1361 1707 1425 Lodomerium
1737 1361 2102 1448 Episcopum

158 1447 599 1512 Varadiensem
630 1470 746 1510 non
777 1460 1016 1533 rogato,
1042 1471 1116 1510 ne
1142 1447 1381 1510 conscio
1407 1445 1639 1532 quidem
1664 1449 1853 1531 Rege,
1880 1444 2102 1509 Archi-

158 1532 500 1619 episcopum
531 1531 1017 1616 strigoniensem
1048 1531 1440 1607 renunciavit,
1474 1530 1787 1616 audaxque
1819 1530 1933 1593 hoc
1961 1529 2102 1593 facti

156 1617 469 1681 consilium
501 1616 828 1679 canonibus
853 1616 1088 1701 Synodi
1117 1616 1278 1677 illius
1310 1639 1417 1703 pro
1449 1627 1694 1678 aeterna
1725 1612 1934 1676 haberi
1963 1615 2102 1700 lege

145 1703 355 1789 jussit.
381 1741 462 1750 —-
489 1703 608 1784 Jus
638 1700 906 1785 regaliae
948 1699 1009 1762 in
1047 1701 1205 1763 bona
1243 1723 1279 1762 a
1318 1713 1510 1763 morte
1544 1700 1960 1762 praelatorum
1999 1722 2101 1761 va-

157 1787 352 1848 cantia
411 1785 731 1870 abrogavit
750 1793 828 1865 2);
887 1784 1221 1848 Antistites
1277 1787 1601 1847 Sacrorum
1653 1806 1762 1868 per
1807 1782 2101 1845 neminem

157 1871 403 1935 Ordinis
434 1870 746 1947 secularis,
777 1893 984 1932 verum
1016 1869 1222 1931 liberis
1255 1868 1644 1954 collegiorum
1669 1867 1963 1953 sufragiis
1998 1866 2101 1930 eli-

155 1954 387 2053 gendos
436 1958 637 2017 sanxit
659 1961 749 2033 «3);
801 1955 1168 2039 obligatione
1211 1952 1500 2016 militandi
1519 1959 1606 2032 4);
1663 1952 1975 2037 officioque
2028 1950 2103 2014 ad

153 2040 410 2127 inopiam
444 2039 658 2102 aerarii
689 2039 909 2125 publici
950 2038 1401 2113 sublevandam,
1449 2060 1565 2134 qua
1596 2037 1828 2099 demum
1870 2060 2101 2122 cunque

156 2148 339 2188 causa
376 2126 643 2200 ferente,
685 2146 816 2185 cum
857 2122 1077 2187 ceteris
1126 2121 1302 2208 regni
1341 2121 1670 2186 Ordinibus
1710 2119 2102 2184 concurrendi

156 2209 378 2273 exolvit
393 2218 465 2290 5),
492 2209 767 2293 omnique
792 2230 984 2294 poene
1004 2214 1056 2287 ⁶)
1081 2207 1299 2271 exemit
1321 2205 1476 2269 civili
1489 2205 1912 2292 jurisdictioni.
1933 2209 2102 2283 Quae

343 2479 388 2547 ¹)
423 2479 649 2545 Capitulo
681 2481 761 2530 IX.

336 2566 383 2624 2)
416 2564 536 2629 Cap.
570 2564 737 2613 XLIX.

337 2650 384 2708 3)
417 2648 537 2713 Cap.
571 2649 669 2698 XV.
703 2648 875 2699 XXllI.
909 2649 990 2698 LI.

334 2734 383 2794 4)
417 2733 536 2798 Cap.
572 2733 672 2782 VII.

335 2819 382 2878 5)
416 2818 535 2882 Cap.
570 2818 694 2866 LIX.
727 2817 828 2866 LX.

335 2904 382 2961 6)
412 2902 575 2951 Poene
624 2901 818 2965 scripsi,
868 2917 931 2950 ne
979 2917 1058 2950 me
1108 2902 1270 2952 solum
1311 2902 1545 2951 duntaxat
1592 2901 1737 2967 capit.
1790 2901 1955 2951 XXIV.
2001 2907 2102 2961 „ut

158 2985 464 3035 Eclesiastici
511 3002 612 3036 non
652 2993 797 3049 agant
838 3001 1006 3035 coram
1044 2986 1218 3036 ‚Iudice
1259 2986 1513 3037 seculari“
1559 2986 1757 3050 capituli
1796 2985 1914 3034 item
1954 2986 2098 3034 XXV.

157 3070 355 3118 titulum
387 3070 518 3118 hunc
551 3077 646 3130 „ut
675 3085 841 3119 coram
874 3071 1049 3120 eodem
1081 3072 1141 3120 de
1172 3071 1517 3136 personalibus
1549 3070 1740 3134 injuriis
1773 3076 1820 3119 et
1855 3070 2103 3131 elemosy-

158 3153 234 3202 nis
266 3153 486 3202 Eclesiae
516 3153 657 3202 sactis
687 3169 787 3202 non
816 3154 1053 3218 litigent“
1088 3156 1247 3205 obiter
1274 3156 1567 3219 inspexisse,
1603 3161 1685 3202 aut
1708 3152 2100 3216 Historiographi

157 3237 367 3301 migrare
400 3237 613 3286 officium
647 3243 730 3286 aut
759 3236 1021 3287 Roszhirtii
1047 3238 1342 3288 Geschichte
1374 3239 1462 3286 des
1492 3238 1677 3286 Rechts
1708 3238 1774 3286 im
1804 3236 2100 3296 Mittelalter‚

163 3319 216 3370 1.
251 3322 410 3380 Thea,
446 3320 774 3370 canonisches
806 3321 982 3381 Recht,
1016 3316 1176 3371 1846
1209 3322 1438 3386 ignorare
1468 3335 1662 3385 arguaS.
1699 3320 1841 3377 Quod
1873 3320 2100 3384 equidem

159 3421 275 3455 cum
308 3405 574 3455 existimari
599 3405 770 3466 nolim,
803 3405 987 3470 protuli
1018 3420 1224 3457 censum
1248 3404 1536 3470 injuriarum
1562 3404 1679 3454 satis
1704 3405 1853 3454 credo
1877 3404 2098 3468 longum,

169 3497 222 3539 ut
260 3490 385 3540 duos
423 3490 724 3555 EpiscopOS,
779 3503 904 3554 quos
952 3488 1194 3540 Odericus
1246 3489 1523 3555 Raynaldus
1574 3490 1634 3538 de
1680 3495 1845 3538 mente
1892 3488 2099 3553 Philippi
