2358 3874
1997 216 2118 271 125

191 350 478 423 venerint,
511 347 581 410 de
614 347 707 408 his
742 346 871 409 sine
903 347 1148 411 consilio
1182 346 1355 431 regni
1386 346 1459 407 ad
1487 346 1814 432 dignitates
1840 372 1956 411 non
1982 375 2116 436 pro-

189 432 473 495 vehendis
501 439 551 509 5)
585 443 727 493 sunt
758 455 863 493 eae
896 430 1129 515 quidem
1163 443 1565 516 praestanteS,
1598 433 1983 518 tuleruntque
2021 460 2117 498 ve-

185 529 498 589 tustatem,
530 514 626 576 his
657 527 856 577 tamen
889 515 1161 577 omnibus
1194 515 1375 599 longe
1407 517 1788 592 antecellunt,
1822 540 1973 602 quae
2008 532 2118 582 art.

189 609 220 660 l
262 613 319 663 et
350 608 391 662 8
423 599 750 662 communis
781 598 1052 661 Palladio
1084 598 1382 661 libertatis
1428 613 1568 662 sunt
1600 600 1981 664 constitutae.

184 784 332 834 exteri
367 784 645 847 regnicolae
677 784 804 832 illius
836 782 1007 846 partiS,
1043 783 1101 831 de
1135 781 1417 845 hujusmodi
1455 783 1606 832 fundo
1639 799 1725 832 seu
1756 784 1898 833 laneo
1938 785 2118 834 servire

184 876 300 918 sunt
340 868 589 928 consueti,
642 868 711 917 sic
751 874 799 916 et
838 867 933 930 ipsi
976 866 1187 915 debitam
1226 867 1508 915 fidelitatem
1548 867 1650 931 regi
1690 874 1809 916 ets.
1845 869 1982 932 regni
2015 869 2118 918 Co-

184 967 332 1001 ronae
397 952 713 1001 observantes
754 951 927 1000 Castro
970 951 1029 998 de
1063 949 1188 998 Ovar
1235 950 1307 998 vel
1358 950 1514 1014 ipsius
1555 951 1830 1000 castellanis
1880 961 2115 1003 consueta

194 1037 385 1085 servitia
420 1051 616 1100 semper
646 1035 873 1084 exhibere
905 1040 1181 1083 teneantur.

360 1123 406 1179 5)
437 1122 535 1169 Art.
570 1120 651 1168 XI.

1051 1302 1092 1377 ς
1139 1305 1237 1360 23.

178 1469 239 1501 ac
287 1452 597 1516 speciatim
640 1452 931 1515 dignitati
985 1452 1245 1500 Palatini
1291 1453 1491 1516 prisca
1543 1453 1775 1502 Judicis
1825 1453 2105 1502 Commu-

684 1536 904 1585 nitatis
950 1536 1287 1584 auctoritas
1333 1536 1593 1597 reddita3

356 1693 600 1756 Decreti
626 1692 803 1778 hujus
836 1705 946 1754 art.
968 1696 1141 1755 Vlll.
1176 1693 1593 1756 constituitur:
1627 1717 1861 1755 omnes
1895 1705 1966 1755 ut
2007 1693 2113 1756 ho—

176 1779 406 1841 mines
469 1777 682 1861 regni
739 1777 1244 1839 indifferenter
1298 1777 1680 1839 Palatinus
1746 1777 2112 1841 discutiat.

175 1863 414 1926 Judicis
446 1863 594 1925 haec
625 1861 1120 1937 CommunitatiS,
1152 1861 1320 1923 initio
1353 1860 1618 1923 conditae
1652 1861 1928 1924 Civitatis
1966 1861 2113 1923 hun-

222 1947 438 2024 aricae,
472 1959 601 2009 erat
633 1946 980 2021 auctoritas,
1015 1968 1164 2030 quae
1199 1969 1307 2031 per
1333 1968 1415 2007 sS.
1441 1949 1646 2030 Reges
1677 1945 1946 2021 limitata,
1975 1947 2113 2031 lege

174 1971 288 2093 fiac
334 2033 392 2092 in
443 2032 745 2115 integrum
796 2030 1080 2092 restituta
1124 2041 1233 2092 est.
1286 2028 1459 2105 Quod
1501 2030 1735 2115 quidem
1776 2031 2110 2106 consilium,

176 2138 307 2178 cum
340 2140 460 2179 non
493 2139 566 2178 ex
602 2113 856 2178 novandi
899 2115 1230 2201 profectum
1252 2113 1574 2189 dubedine,
1629 2137 1803 2199 quam
1836 2138 1944 2200 per
1988 2138 2110 2177 mo-

178 2223 277 2262 res
330 2200 723 2263 valentiorum
776 2199 1113 2284 praesentis
1164 2198 1449 2284 temporis
1496 2199 1737 2262 licentia
1794 2211 2110 2285 corruptos

174 2285 524 2368 imperatum
562 2283 661 2360 sit,
701 2283 937 2346 difficile
968 2283 1128 2345 factu
1169 2295 1281 2357 est,
1337 2305 1454 2344 non
1489 2283 1759 2367 probare.
1799 2285 2110 2346 Commen-

176 2368 356 2431 dabat
401 2368 545 2430 illud
592 2368 880 2452 imprimis
922 2367 1074 2430 ratio
1122 2366 1376 2430 celerius
1420 2366 1724 2430 obtinendi
1766 2368 1954 2451 juriS,
2016 2370 2110 2430 cui

176 2453 512 2515 necessitas
545 2452 849 2514 adeundae
878 2453 1096 2514 Curiae
1121 2452 1350 2536 Regiae
1380 2451 1614 2547 quoties
1648 2453 1954 2536 negotium
1978 2475 2109 2514 cum

178 2537 318 2613 illis,
362 2550 463 2599 aut
514 2535 686 2597 novis
729 2536 1177 2622 repentinisque
1223 2536 1641 2598 Serv1entibus
1691 2534 1903 2620 Regiis
1959 2550 2106 2612 erat,

176 2644 425 2717 quorum
457 2620 722 2707 plerique
763 2643 884 2683 non
918 2632 1148 2682 tantum
1186 2620 1484 2682 Comitum
1527 2620 1747 2692 Castri,
1787 2620 1895 2681 sed
1930 2623 2107 2683 Pala-

174 2717 431 2767 tinorum
470 2727 702 2790 quoque
742 2703 1160 2766 Jurisdictioni
1217 2703 1658 2779 eximebantur,
1715 2703 1873 2765 haud
1926 2707 2107 2769 modi-

177 2813 302 2851 cam
336 2789 617 2875 imposuit
653 2811 893 2851 moram.
937 2793 1282 2851 instaurata
1313 2788 1385 2850 ad
1417 2788 1564 2850 haec
1595 2791 1895 2873 primaeva
1932 2789 2108 2853 liber-

174 2873 317 2936 tatis
366 2874 640 2959 politicae
671 2873 1047 2957 aequalitate,
1086 2872 1232 2934 nihil
1266 2873 1462 2957 magis
1483 2883 1946 2935 consentaneum
1977 2873 2108 2950 fuit,

178 2980 351 3042 quam
383 2970 450 3019 ut
481 2957 820 3020 Palatinum
859 2982 973 3020 non
1007 2957 1357 3020 Servientes
1400 2956 1571 3020 modo
1615 2958 1948 3032 naturaleS,
2002 2959 2108 3022 sed

175 3041 440 3103 Comites
472 3041 647 3103 etiam
684 3054 743 3104 et
778 3042 1137 3105 valentiores
1176 3041 1412 3128 quique,
1452 3054 1752 3126 tamquam
1782 3045 1827 3104 J
1836 3040 2107 3105 udicem

175 3125 386 3210 regni
432 3124 869 3197 ordinarium
915 3127 1219 3202 venerari,
1279 3130 1528 3211 ejusque
1565 3138 1729 3188 stare
1756 3127 2108 3189 Sententiae

175 3221 508 3272 teneantur.
557 3210 831 3294 Denique
864 3210 1044 3272 Missi
1069 3210 1279 3295 Regii,
1318 3210 1469 3294 quod
1505 3209 1624 3272 dixi
1659 3209 1817 3284 alibi,
1851 3232 1968 3271 non
2003 3234 2108 3272 eos

176 3318 243 3357 se
273 3293 734 3380 praestiterunt,
789 3306 854 3355 ut
898 3293 1045 3356 haec
1089 3317 1229 3379 pars
1266 3294 1682 3355 Institutorum
1725 3292 1776 3354 d.
1816 3293 2108 3379 Stephani

178 3402 250 3440 ex
289 3378 531 3462 justitia
580 3390 639 3439 et
685 3377 1142 3462 aequanimitate
1178 3377 1388 3439 horum
1436 3376 1689 3460 aliquam
1731 3375 1885 3463 apud
1924 3401 2107 3465 popu-

178 3463 293 3522 lum
330 3461 649 3544 colligeret
685 3460 958 3545 gratiam.
