2358 3874
298 247 417 303 loz

293 382 452 444 latos
482 380 856 443 Eclesiarum
889 379 1201 464 deligeret,
1243 402 1361 442 non
1398 380 1709 443 admodum
1741 384 2132 445 reluctantem
2156 390 2223 462 ¹),

292 465 489 527 minus
518 466 926 539 observasset,
948 486 1123 548 quam
1146 464 1328 526 ceteri
1351 486 1459 549 per
1486 466 1788 549 Europam
1817 469 2022 551 Reges
2042 489 2226 564 popu-

291 549 452 634 lique
499 550 573 612 ob
630 570 917 610 summam
975 547 1295 611 sacerdotii
1346 560 1406 611 et
1446 551 1728 633 majorem
1785 550 1963 612 etiam
2015 573 2224 635 singu-

295 634 441 695 laris
500 632 727 719 ingenii
772 631 1122 717 consiliique
1179 631 1710 710 existimationem,
1769 632 1928 697 haud
1976 635 2224 721 paribus

293 718 476 780 rebus
498 766 514 795 ,
557 740 671 780 sua
707 717 1064 779 Pontificem
1095 716 1254 779 hunc
1295 728 1510 805 sponte
1548 717 1856 781 coluerint.

473 902 517 961 1)
551 900 693 957 Quod
724 900 868 950 verba
899 901 1172 951 innocentii
1202 902 1287 951 111.
1322 902 1453 966 apud
1491 902 1679 951 Katona
1718 902 2037 950 confirmant:
2072 901 2225 965 „quia

293 984 444 1034 multa
476 990 612 1048 gesta
644 991 784 1044 sunt,
827 991 875 1034 et
915 992 1153 1049 geruntur
1180 987 1232 1035 in
1262 1001 1416 1051 regno
1458 992 1570 1047 tuo,
1615 1000 1739 1050 quae
1780 985 1819 1034 si
1864 972 2228 1034 deducerentur

293 1069 353 1118 ad
383 1069 572 1128 limam,
606 1069 966 1118 correctionem
998 1076 1326 1135 exposcerent
1357 1070 1647 1135 graviorem,
1686 1084 1788 1119 non
1820 1068 1982 1118 solum
2013 1069 2074 1118 de
2113 1074 2224 1118 voto

291 1159 396 1215 tun,
431 1153 656 1218 captione
686 1153 917 1213 fraterna,
950 1160 1000 1203 et
1029 1154 1352 1205 electionibus
1382 1152 1755 1203 Praelatorum“
1785 1159 1880 1202 cet.

1162 1317 1204 1391 ς
1248 1318 1346 1374 47.

397 1466 477 1515 De
519 1466 649 1515 ritu
698 1466 1124 1515 coronationis
1171 1464 1293 1514 filii
1342 1465 1471 1530 ejus
1518 1465 1783 1516 Ladislai
1837 1466 2116 1527 infantis;

462 1596 693 1660 Habuit
727 1597 780 1659 is
814 1597 1170 1661 Pontificem
1210 1596 1371 1659 hunc
1396 1597 1457 1658 in
1498 1620 1568 1659 eo
1595 1618 1829 1682 quoque
1865 1596 1981 1658 sibi
2019 1619 2228 1660 assen-

291 1682 557 1758 tientem,
593 1695 660 1744 ut
691 1682 850 1743 filius
885 1706 1034 1744 suus
1058 1682 1198 1745 licet
1227 1681 1424 1743 infans
1457 1680 1669 1757 adhuc,
1703 1680 2033 1744 diademate
2055 1681 2233 1765 regio,

293 1767 664 1851 cingeretur3
700 1764 813 1827 hac
842 1766 997 1828 enim
1025 1769 1157 1851 ejus
1180 1778 1378 1828 mente
1411 1766 1715 1828 intellecta
1747 1764 1819 1827 de
1851 1777 2228 1828 sacramento

292 1849 598 1914 fidelitatis
637 1849 924 1912 Ladislao
963 1848 1360 1936 nuncupando
1411 1848 1568 1912 datis
1608 1849 1682 1912 ad
1716 1847 2229 1935 Archiepiscopos

292 1946 355 1999 et
402 1935 737 2033 Episcopos
799 1933 993 1997 literis
1038 1933 1326 2021 providit,
1371 1947 1431 1996 et
1474 1934 1783 2019 negotium
1824 1933 2229 1996 coronationis

289 2018 768 2115 Archlepiscopo
807 2018 1220 2103 strigoniensi
1264 2018 1576 2096 commisit,
1615 2018 1996 2104 decrevitque
2032 2017 2229 2093 simul,

291 2117 360 2166 ut
389 2117 563 2190 pater
597 2102 702 2164 fili1
759 2102 854 2165 sui
891 2102 1020 2165 vice
1066 2105 1469 2188 juramentum
1523 2115 1646 2166 tam
1694 2126 1878 2189 super
1919 2101 2229 2187 Apostoli-

294 2211 398 2250 cae
430 2188 591 2252 sedis
624 2186 988 2264 obedientia,
1033 2194 1218 2271 quam
1246 2187 1501 2251 eclesiae
1545 2187 1916 2273 hungaricae
1951 2188 2231 2251 libertate

292 2273 493 2336 >verbis
526 2272 996 2358 Progenitorum
1043 2270 1269 2336 diceret
1301 2279 1367 2352 1).
1758 2277 1764 2280 ’

686 2401 803 2409 -—.-

474 2459 518 2516 1)
550 2456 644 2505 Lit.
678 2456 850 2507 Innoc.
883 2455 969 2505 111.
1007 2455 1115 2505 vide
1147 2455 1271 2506 Cod.
1304 2455 1433 2521 Dipl.
1466 2455 1566 2506 Vll.
1602 2449 1743 2506 430.

1162 2619 1206 2694 §
1249 2621 1350 2677 48.

295 2768 415 2825 Qua
460 2782 587 2817 cum
634 2768 870 2832 ingenti
901 2768 1111 2834 populi
1158 2770 1572 2819 consensione
1611 2775 1878 2833 peracta,
1909 2767 2227 2820 Emer-icus

294 2851 571 2917 plurimis
619 2852 1087 2922 exsuperantiae
1132 2852 1318 2902 animi
1370 2853 1461 2903 sui
1506 2851 1893 2903 monimentis
1938 2867 2069 2902 eum
2116 2869 2229 2904 cu—

399 2935 623 2985 mulum
668 2935 924 2998 addidit,
972 2942 1037 2986 ut
1079 2937 1368 2986 Andream
1413 2936 1633 2986 bellum
1676 2937 2118 2986 instaurantem

1067 3027 1449 3085 captumque,
1507 3041 1511 3044 ·

466 3149 772 3212 Solemnia
807 3150 1210 3214 coronationis
1250 3175 1302 3213 a.
1331 3159 1497 3215 1204
1530 3165 1793 3237 peracta,
1833 3152 2089 3215 maxima
2123 3176 2225 3239 po-

294 3234 449 3380 guli,
491 3257 684 3318 neque
730 3258 934 3297 eorum
975 3247 1232 3311 tantum,
1279 3238 1379 3321 qui
1421 3260 1591 3298 suam
1631 3237 1907 3300 Emerico
1947 3237 2124 3300 fidem
2166 3249 2227 3300 et

337 3317 452 3378 omi
491 3330 551 3380 et
586 3331 804 3381 navata
842 3343 951 3406 pro
991 3323 1214 3384 Ottone
1249 3323 1513 3384 Caesare
1553 3321 1700 3384 soris
1739 3344 1940 3407 opera,
1973 3320 2225 3405 egregie

295 3402 692 3486 aprobarunt,
741 3428 945 3467 verum
992 3408 1121 3490 ejus
1173 3405 1313 3468 item
1366 3404 1759 3468 multitudinis
1810 3405 2226 3480 consensione,

297 3484 397 3568 qui
425 3509 532 3570 per
552 3486 860 3551 Andream
891 3513 1046 3553 anno
1070 3490 1380 3576 superiore
1409 3487 1683 3554 conducti
1714 3490 1788 3553 ad
1818 3489 2225 3574 abrogandam
