2358 3874
247 214 370 270 152

249 373 352 418 ros
389 351 657 413 contulit.
703 354 836 426 Qua
871 349 932 410 in
965 371 1032 411 re
1071 349 1397 411 voluntatis
1431 373 1548 435 ego
1592 353 1973 419 sanctitatem
2008 377 2187 418 vene-

249 457 378 507 ror3
426 434 498 498 de
531 434 728 496 fructu
779 454 1031 517 namque
1079 432 1312 498 consilii
1352 432 1563 519 hujus,
1605 459 1778 501 nemo
1817 449 1938 502 tam
1979 460 2189 525 parum

249 524 314 581 in
352 517 614 582 historia
647 517 859 580 horum
900 528 1236 602 temporum
1297 530 1578 580 versatus
1630 533 1752 598 est,
1817 535 1885 586 ut
1937 521 2188 598 nesciat,

250 603 460 665 Belam
503 603 699 689 ipsum
739 599 900 664 haud
942 601 1099 664 levia
1148 613 1357 664 contra
1395 603 1716 666 nonnullos
1741 611 1824 684 ὅ),
1869 607 2056 670 multo
2100 618 2190 668 ta-

250 709 387 749 men
433 686 799 772 gravissima
842 707 1114 772 quaeque
1165 698 1444 771 posteros
1499 689 1629 772 ejus
1694 688 2012 752 adversum
2067 690 2191 776 ple-

251 794 475 856 rosque
511 775 785 837 Barones
843 782 904 832 et
941 772 1236 836 Dominos
1280 772 1505 839 arcium
1548 770 1889 862 hujusmodi
1912 787 1996 837 ‘ex'
2046 796 2190 837 vero

253 868 501 940 questos
546 877 700 918 esse.
1842 877 1864 882 '¹
2069 883 2072 886 ·

254 1132 453 1185 stasset‚
486 1133 536 1175 et
566 1127 788 1191 plerique
820 1126 880 1176 de
910 1125 1188 1177 Baronibus
1220 1128 1404 1178 nostris
1437 1127 1775 1191 defensionem
1806 1128 2024 1179 Banatus
2054 1128 2196 1178 n'ol-

252 1211 379 1260 lent
423 1225 768 1271 assumere,
816 1226 922 1276 per
964 1226 1074 1261 nos
1120 1211 1298 1260 etiam
1345 1211 1678 1277 diligenter
1720 1212 2192 1278 requisiti—M.

251 1294 544 1344 Laurentius
575 1294 752 1345 collato
785 1294 878 1344 sibi
908 1309 1001 1360 per
1022 1309 1116 1345 nos
1146 1295 1258 1360 ipso
1281 1295 1471 1346 Banatu
1501 1296 1828 1361 Bulgarorum
1852 1296 2029 1347 devicit
2051 1311 2197 1346 exer-

253 1379 432 1440 citum,
478 1386 528 1429 et
566 1379 638 1431 sic
676 1408 746 1415 —
792 1379 957 1444 ipsum
996 1379 1238 1430 Banatum
1283 1407 1353 1416 ——-
1397 1387 1596 1431 nostrae
1635 1381 1851 1431 restituit
1903 1380 2193 1446 Majestati“

252 1462 513 1528 intelligaS‚
536 1470 766 1528 quantam
798 1478 956 1528 penes
974 1464 1297 1514 Laurentium
1321 1464 1514 1514 virtutis
1536 1465 1752 1525 laudem,
1777 1472 1969 1516 tantum
1993 1465 2196 1515 inertiae

255 1547 385 1613 apud
416 1547 685 1613 plerosque
714 1548 838 1598 alios
867 1548 1089 1598 Barones
1121 1548 1337 1598 dedecus
1368 1549 1633 1599 exstitisse.

434 1634 481 1694 5)
515 1632 727 1682 Castella
763 1632 888 1683 haec
935 1635 1053 1683 mox
1097 1639 1350 1697 tamquam
1399 1633 1770 1705 latrociniorum
1819 1640 1870 1683 et
1914 1633 2197 1698 rapinarum

257 1716 402 1765 sedes
449 1722 686 1767 notantur
726 1716 831 1781 jam
877 1723 971 1768 art.
1025 1710 1124 1767 24.
1171 1713 1355 1767 1291.
1403 1715 1500 1766 12.
1548 1711 1730 1767 1444.
1771 1711 1830 1767 4.
1878 1712 2196 1768 1543ζ25.

261 1794 442 1851 1547.
480 1798 577 1850 56.
605 1797 787 1851 1563.
820 1801 940 1852 Vide
970 1801 1116 1852 etiam
1148 1808 1240 1851 art.
1277 1798 1376 1851 20.
1405 1797 1566 1852 1659
1600 1808 1650 1855 et
1667 1801 1877 1855 Dissert.
1911 1802 1960 1855 in
1984 1801 2197 1855 Tudom.

255 1884 400 1949 Gyo‘jt
430 1901 474 1935 a.
515 1881 676 1936 1828
707 1901 752 1935 v.
791 1883 845 1940 5,
1006 1879 1014 1887 ’

1132 2080 1175 2157 §
1222 2081 1318 2138 15.

331 2229 563 2291 pactio,
614 2244 785 2294 quam
832 2245 876 2279 a.
932 2224 1119 2279 1247
1168 2245 1296 2280 cum
1342 2228 1667 2295 Equitibus
1714 2229 2129 2295 hospitalitiis

1149 2313 1307 2364 iniit.

432 2473 514 2535 Hi
547 2472 752 2535 Belam
784 2494 859 2534 ex
887 2471 1163 2559 partibus
1193 2472 1508 2535 maritimis
1538 2471 1815 2536 reducem
1841 2472 2203 2536 comitaban-

260 2571 389 2631 tur3
429 2570 718 2643 erantque
749 2569 872 2619 tam
905 2556 980 2618 ab
1013 2556 1209 2620 officio
1239 2555 1372 2634 hoc,
1405 2579 1581 2642 quam
1611 2557 1786 2620 laude
1816 2556 2060 2620 virtutis
2097 2556 2203 2619 mi-

260 2642 456 2705 litaris
499 2643 584 2705 ita
621 2640 810 2704 eidem
855 2641 1278 2718 commendati,
1331 2653 1396 2704 ut
1436 2642 1611 2727 plane
1655 2642 2049 2728 persuaderet
2086 2641 2202 2703 sibi

262 2750 380 2789 non
411 2726 625 2790 melius
655 2727 833 2812 regni
855 2749 1037 2812 posse
1061 2725 1393 2789 defensioni
1424 2725 1680 2802 consuli,
1714 2748 1888 2811 quam
1920 2725 1976 2788 si
1992 2724 2203 2788 horum

264 2811 379 2872 sihi
413 2833 653 2896 operam
684 2810 910 2873 arctius
935 2810 1277 2874 devinciret.
1309 2814 1567 2873 Terram
1597 2809 1799 2894 itaque
1825 2809 1898 2872 de
1919 2808 2204 2887 ZevrinO,

265 2906 325 2956 et
356 2907 540 2957 totam
586 2918 620 2956 a
649 2894 830 2957 fluvio
870 2895 1062 2958 Aluta
1102 2907 1163 2957 et
1206 2894 1470 2979 Alpibus
1500 2892 1946 2978 Transylvanis
1987 2896 2204 2956 Cuma-

263 2977 421 3039 niam
453 2978 789 3041 conditione
818 2978 1063 3041 militiae
1096 2990 1155 3040 et
1186 2977 1550 3040 defensionis
1583 2979 1938 3041 Castrorum
1971 2977 2032 3040 in
2050 2980 2206 3042 Con-

263 3063 422 3124 finiis
455 3062 838 3125 existentium
870 3075 936 3125 ut
968 3074 1063 3124 est
1093 3061 1449 3138 Posonium,
1481 3063 1822 3124 Mosonium
1862 3074 1972 3126 cet.
2012 3061 2098 3126 ita
2126 3061 2202 3124 iis

265 3147 482 3222 cessit,
534 3159 598 3209 ut
646 3145 906 3232 quinque
959 3158 1019 3208 et
1063 3144 1279 3230 viginti
1330 3145 1502 3207 annis
1545 3147 1938 3231 sequentibus
1978 3158 2205 3222 omnes,

266 3231 561 3294 dimidiam
608 3229 888 3320 deinceps
919 3227 1215 3292 redituum
1247 3242 1476 3316 partem
1511 3253 1680 3292 suam
1710 3231 1977 3295 facerent
2002 3237 2066 3311 ¹).

453 3490 494 3545 1)
519 3487 706 3537 Litcras
740 3489 844 3552 ejus
878 3490 982 3539 vide
1015 3491 1144 3553 apud
1176 3489 1364 3538 Katona
1396 3488 1455 3539 H.
1491 3489 1547 3538 C.
1585 3490 1640 3538 T.
1678 3489 1751 3539 Vi.
1786 3504 1835 3552 p.
1873 3486 1969 3536 98.
