2358 3874
2030 232 2113 286 93

179 363 342 425 latini
373 362 631 446 graeciS,
666 362 898 447 aliaque
934 364 1067 425 aliis
1112 377 1363 449 regatur
1401 387 1557 450 gens
1596 364 1880 443 moribus,
1912 366 2111 451 inpru-

179 447 412 509 dentem
461 447 943 532 contempsisse?

1052 650 1096 726 ς
1139 655 1239 711 37.

215 802 501 850 solennes
558 817 597 852 S.
649 800 940 864 Stephani
995 800 1124 850 dies
1170 802 1345 851 Albae
1385 801 1526 866 jure
1585 802 1849 852 dicundo
1896 819 2080 867 agere

1019 885 1261 934 solituS.

350 1043 472 1106 Sed
516 1042 587 1104 de
622 1042 776 1104 dicto
815 1040 1064 1121 (dictum
1100 1041 1254 1103 enim
1294 1042 1458 1118 illud,
1495 1066 1613 1106 non
1658 1044 1835 1106 etiam
1875 1047 2110 1107 consul-

176 1141 302 1189 tum
335 1126 621 1190 Katonaii
656 1126 794 1205 fuit)
825 1129 1081 1211 jurgare
1124 1125 1347 1188 diutius
1389 1150 1522 1188 cum
1565 1127 1692 1189 viro
1729 1152 1928 1191 rerum
1969 1130 2109 1191 alia-

176 1235 307 1273 rum
348 1211 813 1296 hungaricarum
853 1210 1218 1296 peritissimo
1269 1211 1625 1274 verecundia
1673 1225 1792 1286 est3
1836 1236 2110 1298 praeser-

174 1296 279 1357 tim
335 1319 466 1357 cum
497 1296 692 1357 celare
730 1318 841 1357 nec
879 1294 1140 1390 possim,
1190 1317 1301 1355 nec
1344 1296 1549 1357 velim:
1592 1319 1685 1359 me
1732 1319 1805 1358 ex
1840 1301 2109 1382 Regesto

172 1383 236 1442 V
239 1379 536 1442 aradiensi
592 1379 1071 1464 antiquiSfflmum
1108 1382 1431 1463 Majorum3
1490 1379 1642 1441 diem
1689 1381 2009 1444 memoriae
2056 1382 2108 1444 d.

174 1463 465 1549 Stephani
498 1486 734 1524 sacrum
770 1463 1027 1538 „festum
1061 1486 1108 1523 S.
1135 1462 1327 1546 Regis
1359 1466 1580 1542 (Szent
1604 1466 1823 1549 Kiraly
1854 1469 2108 1551 napja)“

171 1546 505 1633 appellandi
548 1570 802 1619 morem,
837 1571 911 1610 ex
934 1546 1276 1633 Diplomate
1306 1570 1450 1610 vero
1485 1549 1669 1610 Belae
1693 1552 1802 1610 111.
1837 1573 1946 1634 per
1976 1573 2109 1612 eum

170 1630 457 1717 producto
493 1632 691 1716 paullo
724 1633 888 1717 pluS,
928 1630 1043 1693 hoc
1073 1653 1325 1715 namque
1364 1631 1664 1709 didicisse,
1700 1634 1855 1719 quod
1892 1637 2023 1697 Rex
2056 1634 2109 1695 is

170 1715 397 1800 primus
441 1717 720 1778 solennes
759 1740 805 1777 s,
838 1714 1130 1799 Stephani
1163 1714 1354 1800 Regis
1397 1714 1524 1779 dies
1565 1719 1860 1796 (Octavas
1897 1719 2108 1803 vulgo)

170 1802 327 1863 inter
375 1813 575 1863 cetera
631 1800 872 1886 pietatis
915 1799 1109 1862 officia
1153 1803 1291 1884 jure
1337 1798 1589 1863 dicundo
1640 1825 1824 1886 agere
1872 1803 2107 1879 solitUS‚

171 1885 651 1960 consuetudinis,
710 1907 861 1970 quae
919 1883 1128 1946 deinde
1187 1907 1295 1969 per
1327 1885 1564 1946 Bullam
1612 1909 1850 1949 auream
1886 1886 1945 1948 in
1990 1887 2106 1948 vim

171 1970 431 2054 scriptae
463 1969 618 2054 legis
655 1969 886 2031 elevata
918 1968 990 2030 ad
1032 1967 1274 2030 Curiam
1312 1968 1919 2053 Regiametiamnum
1959 1971 2108 2033 obti—

170 2066 291 2130 net,
331 2054 561 2116 initium
592 2053 751 2128 fecit,
783 2050 1144 2139 providendo
1169 2051 1365 2127 simul,
1390 2065 1454 2115 ut
1481 2053 1636 2138 quod
1668 2054 1719 2116 d.
1756 2053 2104 2140 Stephanus

172 2162 290 2201 non
327 2137 738 2223 Strigoniensi
766 2149 997 2200 tantum
1033 2143 1100 2215 1),
1142 2135 1253 2198 sed·
1285 2136 1545 2199 Albensi
1574 2161 1806 2223 quoque
1831 2139 2106 2202 Eclesiae

171 2221 331 2285 dedit
367 2222 775 2308 privilegium,
823 2245 898 2284 ne
932 2220 1352 2305 Johhagiones
1400 2234 1460 2283 et
1499 2222 1702 2307 populi
1741 2226 1870 2311 ejus
1900 2224 2105 2285 Pala-

175 2306 306 2370 tini
337 2330 446 2370 seu
473 2305 1014 2369 Vice-Palatini
1075 2305 1154 2368 ad
1202 2307 1855 2390 Congregationem
1897 2331 2105 2393 gene-

170 2393 388 2454 ralem
442 2404 569 2454 aut
622 2390 831 2454 etiam
915 2390 1297 2475 specialem
1344 2402 1412 2452 et
1455 2390 1964 2476 particularem
2010 2394 2103 2455 vel

173 2476 521 2539 Comitum
551 2474 1092 2561 parochialium,
1142 2497 1270 2536 seu
1301 2474 1686 2538 eorundem
1718 2476 1924 2538 simul
1959 2500 2103 2538 cum

172 2559 346 2623 aliis
391 2581 842 2635 communem,
898 2559 992 2621 vel
1048 2559 1201 2620 sine
1247 2559 1415 2624 aliis
1462 2580 1573 2620 seu
1620 2559 1962 2622 victualium
2006 2561 2104 2622 ad-

171 2642 628 2719 ministratione,
670 2665 778 2704 seu
803 2642 1097 2705 solutione
1122 2642 1320 2727 aliqua
1349 2655 1668 2706 teneantur
1686 2650 1735 2722 2)
1761 2644 2104 2707 inviolatum

171 2741 464 2792 servetur.

604 2868 680 2875 —-

355 2959 397 3017 1)
429 2957 593 3006 Batth.
628 2956 725 3006 LL.
759 2957 862 3006 ΕΕ.
898 2958 955 3006 Τ.
990 2957 1074 3008 ΠΙ.
1109 2974 1160 3023 p.
1198 2954 1318 3008 297
1353 2958 1405 3007 in
1434 2958 1570 3008 visit.
1604 2957 1711 3007 Ecl.
1746 2957 1895 3022 Strig.
1931 2959 2106 3014 Coloni

173 3039 279 3104 ejus
310 3039 555 3089 immunes
587 3055 698 3090 esse
727 3042 1009 3092 referuntur
1034 3057 1062 3092 a
1086 3041 1332 3093 descensu
1357 3043 1763 3095 exercituantium
1787 3052 1837 3092 et
1860 3043 2106 3092 solutione

172 3123 469 3187 victualium,
505 3139 627 3187 quae
660 3125 820 3174 solent
851 3126 975 3189 exigi
1007 3127 1056 3176 in
1078 3127 1472 3193 Congregatione
1503 3127 1751 3177 Palatinali
1782 3127 1852 3176 vel
1882 3142 2106 3190 quacun-

175 3223 268 3272 que
299 3208 389 3257 alia
422 3207 481 3256 de
513 3222 677 3257 causa.
1897 3195 1900 3197 i

352 3323 397 3379 2)
430 3321 463 3370 l.
498 3321 580 3369 lll.
615 3321 675 3369 ad
705 3326 734 3380 ξ
770 3319 906 3371 127.
