2358 3874
270 213 390 268 104

352 359 612 427 XVIII.
667 357 900 423 REX
969 348 1628 421 LADISLAUS
1689 349 2113 419 INFANS

1058 519 1185 553 anno
1238 500 1416 553 1205.

1135 667 1177 740 g
1221 667 1320 724 50.

934 818 1051 866 Rex
1094 816 1223 866 veri
1268 815 1539 872 nominis

440 979 689 1042 Clavum
739 975 916 1060 regni
958 996 1067 1061 per
1107 995 1319 1036 manus
1365 972 1616 1049 Patrai,
1670 973 2041 1059 Tutorisque
2095 995 2207 1054 sex

266 1086 508 1127 menses
543 1060 748 1125 tenuit.
793 1063 1027 1123 Locum
1055 1059 1258 1142 itaque
1295 1060 1358 1119 in
1394 1055 1553 1119 serie
1583 1060 1821 1141 Regum
1851 1056 2205 1143 Hungariae

269 1148 496 1224 eodem,
521 1147 638 1209 imo
669 1143 899 1230 majori,
932 1165 1108 1228 quam
1130 1140 1548 1204 Ferdinandus
1570 1144 1684 1203 IV.
1701 1141 1871 1203 Patri
1901 1164 2011 1204 suo
2035 1163 2205 1227 prae-

266 1244 561 1306 mortuus,
584 1233 721 1313 jure
767 1227 998 1291 obtinet
1034 1232 1098 1304 1).
1144 1229 1243 1288 De
1280 1224 1459 1311 hujus
1490 1225 1819 1310 matrisque
1866 1225 2216 1289 conditione

267 1315 539 1378 solicitus
571 1311 963 1375 Innocentius
988 1313 1111 1372 ΙΙΙ.
1144 1332 1311 1385 mox,
1346 1322 1525 1395 atque
1557 1308 1612 1371 ei
1641 1307 1714 1371 de
1747 1308 1913 1372 obitu
1945 1309 2205 1372 Emerici

266 1398 680 1462 renunciatum
713 1408 834 1473 est,
881 1393 1192 1458 Andream
1230 1392 1386 1456 datis
1419 1394 1493 1456 ad
1525 1416 1659 1456 eum
1698 1393 1893 1456 literis
1926 1392 2206 1457 hortaba-

269 1496 373 1546 tur
403 1505 530 1561 „ne
559 1503 807 1543 munere
837 1478 1091 1542 Tutoris
1123 1478 1196 1541 ad
1227 1478 1471 1563 regales
1501 1476 1718 1540 fundos
1750 1477 2207 1553 alienandoS‚

269 1567 804 1650 detrimentumque
835 1563 1040 1649 pupilli
1075 1575 1135 1625 et
1164 1563 1374 1625 matris
1414 1564 1545 1647 ejus
1578 1560 1994 1624 abuteretur“.
2035 1561 2209 1639 Quod

268 1675 378 1740 per
435 1650 791 1714 Pontificem
855 1648 1020 1710 illum
1080 1646 1336 1734 optimae
1384 1668 1531 1708 suae
1571 1645 1632 1707 in
1672 1646 1927 1731 Regiam
1949 1648 2209 1708 Domum

267 1734 562 1802 voluntati
594 1733 815 1809 datum,
847 1754 1019 1794 nemo
1050 1731 1344 1794 bonorum
1367 1741 1516 1807 erat,
1542 1728 1784 1815 quinon
1807 1729 2208 1816 prolixissime

270 1819 608 1906 aprobaret.
651 1816 962 1880 Andream
994 1814 1179 1891 enim,
1213 1836 1389 1899 quem
1418 1814 1611 1876 levem
1641 1812 1834 1877 adhuc
1862 1813 2208 1900 prodigum·
2246 1864 2250 1867 .

269 1925 386 1989 que
424 1912 867 1987 cognoverunt,
919 1898 1151 1965 meliori
1196 1898 1479 1985 deinceps
1518 1896 1722 1961 vivere
1762 1898 2041 1962 instituto
2091 1922 2209 1961 non

269 1987 442 2073 pueri
471 1986 674 2071 regis,
726 2007 846 2048 non
905 1981 1118 2046 viduae
1155 1982 1405 2067 reginae
1440 1982 1733 2048 intererat
1770 1981 2003 2068 magiS,
2035 2004 2210 2067 quam

269 2069 633 2157 reipublicae
665 2069 997 2134 universae.
1872 2067 1876 2070 ’

410 2298 454 2357 1)
486 2296 687 2346 Clariss.
710 2296 892 2362 Prayus
920 2297 1094 2363 privati
1118 2299 1375 2363 scriptoris
1403 2305 1747 2363 transgressus
1766 2296 1989 2357 modum,
2013 2297 2209 2363 quando

271 2379 549 2430 Ladislaum
582 2381 816 2431 infantem
848 2381 898 2431 in
929 2396 1139 2432 numero
1170 2382 1359 2447 Regum
1391 2396 1492 2431 non
1524 2388 1659 2432 recte
1690 2380 1803 2431 duci
1834 2381 2039 2442 asserit,
2087 2395 2211 2431 cen-

273 2478 440 2514 suram
470 2464 691 2514 Katonaii
723 2480 813 2529 per
843 2480 924 2526 ea,
966 2480 1090 2531 quae
1126 2466 1178 2515 in
1208 2465 1270 2516 H.
1303 2466 1363 2516 R.
1397 2465 1459 2516 H.
1492 2482 1544 2531 p.
1583 2461 1700 2516 193
1742 2480 1800 2514 ex
1837 2463 2212 2529 aliquibusffla-

274 2547 412 2597 dislai
443 2547 519 2597 IV.
562 2554 610 2596 et
639 2548 859 2599 Andreae
889 2549 975 2599 Ill.
1018 2549 1172 2599 literis
1203 2550 1387 2611 adfert,
1428 2565 1530 2600 non
1569 2549 1766 2611 evertit;
1810 2555 2038 2600 constare
2079 2550 2209 2599 enim

275 2631 367 2681 sibi
399 2631 440 2680 si
471 2632 645 2692 voluit,
681 2648 739 2681 ex
777 2632 1020 2683 similibus
1049 2633 1200 2683 Andr.
1233 2634 1296 2684 ΙΙ.
1338 2642 1388 2684 et
1417 2633 1563 2683 Belae
1592 2634 1670 2684 IV.
1712 2633 1892 2694 literiS‚
1932 2640 1982 2683 et
2010 2633 2210 2683 Petrum

274 2709 523 2766 Venetum
554 2722 603 2765 et
633 2715 912 2767 Samuelem
943 2717 1094 2767 Abam
1134 2733 1192 2767 ex
1230 2718 1421 2783 Regum
1462 2733 1672 2768 numero
1702 2731 1983 2782 expungere
2021 2716 2212 2767 debue-

275 2806 367 2850 rat.
410 2799 553 2857 Quod
583 2799 662 2848 ille
693 2815 794 2850 non
825 2802 965 2862 fecit,
1008 2801 1120 2867 quia
1166 2801 1304 2867 jure
1345 2800 1894 2852 consuetudinario
1933 2800 2212 2866 Hungariae

277 2881 364 2943 (11.
397 2882 471 2934 tit.
512 2877 639 2951 14.)
671 2884 815 2935 ambo
848 2885 1008 2950 Reges
1038 2885 1309 2947 habentur3
1351 2886 1496 2935 laudo
1529 2883 1820 2946 consilium3
1860 2899 1920 2934 eo
1959 2899 2073 2935 vero
2113 2885 2212 2935 mi-

276 2980 371 3018 nus
401 2966 578 3030 probo,
612 2967 743 3033 quod
774 2967 998 3020 Ladislao
1029 2969 1199 3019 infanti
1229 2969 1414 3030 locum,
1449 2982 1596 3033 quern
1628 2967 1813 3033 pariter
1843 2967 2004 3033 juris
2043 2968 2210 3020 illius

277 3048 587 3118 praesidio
633 3057 819 3112 tenet,
867 3052 1082 3103 adimere
1115 3068 1168 3102 se
1199 3067 1349 3119 posse
1379 3051 1722 3102 arbitrabatur.

1026 3370 1465 3409 “ww-offe*
