2358 3874
339 197 483 252 XLII

338 349 457 384 rum
496 330 821 383 utilitatibus
862 348 929 382 eo
969 330 1103 381 Jure
1144 348 1252 398 quo
1293 333 1480 382 eedem
1526 333 1663 400 ipsis
1704 350 1774 384 ex
1817 335 2090 403 premisso
2120 336 2275 406 regie

338 419 659 471 donacionis
710 418 866 470 titulo
907 417 1328 469 dinoscerentur
1369 419 1682 486 pertinere,
1735 422 2068 474 auctoritate
2099 424 2276 475 nostri

338 506 680 575 palatinatus
718 505 1098 557 adiudicamus
1137 513 1191 556 et
1230 506 1620 558 committimus
1656 507 1709 558 in
1740 517 2066 576 perpetuum
2093 510 2274 578 possi-

337 595 487 658 dere,
527 602 716 645 tenere
758 593 970 661 pariter
1009 601 1064 644 et
1102 591 1313 645 habere
1344 582 1516 646 Salvo
1544 593 1677 645 Jure
1717 593 1917 658 alieno,
1957 596 2013 647 ln
2043 612 2275 666 quorum

337 683 575 733 omnium
615 680 936 731 memoriam
976 678 1396 749 firmitatemque
1435 689 1762 749 perpetuam
1795 681 1970 733 eidem
1995 683 2274 753 Magistro

338 767 570 819 Nicolao
610 766 722 818 filio
760 766 983 830 Lachk,
1032 767 1247 819 litteras
1285 776 1513 820 nostras
1553 768 1938 838 priuilegiales
1985 772 2276 839 pendentis

338 864 392 906 et
431 855 692 906 autentici
731 854 898 924 sigilli
938 855 1114 907 nostri
1156 855 1453 908 munimine
1493 859 1792 908 roboratas
1832 857 2088 908 duximus
2145 875 2274 910 cou-

336 944 635 994 cedendas.
712 942 919 994 Datum
975 943 1027 994 in
1068 943 1402 1014 Wissegrad
1458 944 1728 1014 vigesimo
1788 944 1875 995 die
1935 943 2276 997 Octauarum

335 1029 466 1081 festi
515 1030 665 1082 beati
706 1029 936 1100 Georgy
973 1029 1242 1100 Martyris
1289 1031 1665 1100 predictarum
1718 1030 1879 1084 Anno
1931 1031 2133 1085 domini
2179 1032 2275 1085 Mo

337 1116 567 1170 CCCmo
609 1117 1039 1188 Septuagesimo
1078 1128 1263 1171 sext0.

1269 1631 1370 1701 X.

338 1805 585 1867 Literae
634 1804 894 1890 Capituli
951 1805 1352 1868 posoniensis
1411 1806 1484 1868 de
1537 1829 1587 1868 a.
1635 1815 1797 1870 1423
1859 1808 1932 1872 de
1989 1822 2278 1873 metarum

338 1919 747 2004 possessionis
793 1919 1105 1981 Nobilium
1148 1919 1219 1983 de
1257 1924 1405 1983 Etre
1437 1923 1715 1998 Karcsa‚
1764 1935 1824 1984 et
1869 1923 2280 2009 possessionis

382 2031 611 2116 regalis
653 2032 821 2095 Zilas
863 2036 1096 2111 Lucse‚
1158 2035 1440 2120 deinceps
1479 2038 1675 2121 Nagy
1706 2039 1913 2101 Lucse
1964 2037 2235 2100 reambu-

1190 2148 1428 2212 latione.

499 2334 766 2387 Omnibus
817 2333 1022 2387 Christi
1082 2335 1332 2389 fidelibus
1393 2337 1783 2405 praesentibus
1841 2346 1897 2389 et
1952 2338 2155 2391 futuris
2210 2370 2277 2377 —

340 2421 589 2472 notitiam
642 2421 915 2474 habituris
955 2421 1271 2491 Capitulum
1311 2424 1569 2477 Eclesiae
1626 2424 1985 2477 Posoniensis
2042 2425 2279 2498 salutem

339 2508 393 2560 in
432 2508 668 2561 Domino
722 2511 1135 2579 sempiternam.
1194 2511 1282 2564 Ad
1336 2513 1727 2565 universorum
1780 2513 2030 2565 notitiam
2081 2513 2282 2565 harum

340 2595 486 2647 serie
525 2596 782 2649 volumus
821 2600 1136 2666 pervenire,
1176 2601 1320 2668 quod
1361 2617 1466 2652 nos
1503 2600 1697 2651 literas
1734 2600 2275 2654 reambulatorias—

341 2683 629 2755 Magnifici
666 2685 887 2738 Domini
927 2687 1146 2739 Nicolai
1185 2689 1252 2740 de
1284 2687 1439 2739 Gara
1461 2719 1522 2725 —
1565 2687 1804 2739 Palatini
1845 2696 1899 2739 et
1935 2687 2147 2740 Judicis
2175 2687 2284 2740 Cu-

341 2789 629 2831 manorum
669 2791 772 2841 pro
815 2773 1186 2829 Serenissimo
1230 2775 1485 2843 Principe
1524 2775 1761 2828 Domino
1800 2774 2156 2845 sigismundo
2176 2774 2283 2827 Dei

342 2859 527 2929 gratia
571 2859 951 2913 Romanorum
1001 2862 1163 2934 Rege
1221 2880 1444 2932 semper
1502 2863 1759 2933 Augusto
1818 2880 1888 2916 ac
1941 2862 2283 2933 Hungariae‚

344 2945 644 2998 Bohemiae
684 2978 743 2984 —
782 2948 947 3019 Rege
993 2981 1058 2988 —
1103 2951 1371 3020 nobisque
1403 2951 1652 3002 directas
1691 2957 2015 3003 reverenter
2053 2967 2283 3018 recepe—

341 3033 511 3085 rimus
537 3064 596 3071 —
639 3034 832 3086 amicis
872 3037 988 3087 suis
1027 3038 1350 3090 rever-endis
1389 3036 1648 3105 Capitulo
1696 3036 1954 3089 Eclesiae
1985 3037 2285 3090 Posonien-

342 3121 420 3172 sis
461 3120 727 3173 Nicolaus
766 3124 833 3174 dc
876 3122 1028 3177 Gara
1066 3124 1255 3195 Regni
1293 3124 1614 3195 Hungariae
1665 3123 1954 3176 Palatinus
2001 3132 2057 3176 et
2103 3123 2282 3176 Judex

343 3206 713 3260 Cumanorum
758 3211 1053 3264 amicitiam
1092 3220 1349 3281 paratam
1405 3230 1530 3264 cum
1569 3210 1803 3264 honore.
1862 3211 2077 3264 Dicitur
2124 3211 2284 3264 nobis

348 3325 411 3330 —
457 3295 728 3364 Principis
779 3297 1000 3353 Domini
1040 3299 1379 3370 Sigismundi
1425 3299 1531 3352 Dei
1583 3299 1769 3370 gratia
1807 3329 1871 3336 -—
1925 3298 2165 3369 Augusti
2215 3315 2284 3352 ac

346 3379 683 3451 Hungariae,
722 3385 1045 3452 Bohemiae,
1076 3388 1390 3441 Dalmatiae
1416 3386 1680 3441 Croatiae
1721 3395 1826 3439 etc.
1866 3384 2043 3458 Regis
2063 3380 2283 3440 Domini
