2280 3918
1900 213 1980 269 29

93 376 389 418 commune
411 351 652 437 generis
684 350 774 412 sui
799 373 938 436 prae
972 373 1037 412 se
1064 361 1346 435 gererent
1368 346 1595 425 nomen,
1622 371 1801 436 prope
1832 363 1979 425 erat,

93 452 156 503 ut
184 437 296 501 hoc
325 460 427 500 eos
456 437 735 522 ignorare
772 434 1122 498 Ammianus
1152 434 1535 498 Marcellinus
1577 434 1733 497 haud
1775 434 1892 497 abs
1915 457 1980 496 re

90 535 384 621 argueret.
431 525 525 584 De
556 521 868 606 Hungaris
898 524 1025 583 Leo
1051 519 1288 605 sapiens
1339 519 1490 582 idem
1531 531 1817 593 testatum
1872 543 1987 582 nec«

91 631 394 706 quisquam
424 607 484 669 in
506 606 722 691 priscis
776 605 984 668 horum
1017 604 1278 666 moribus
1315 617 1434 667 tam
1465 603 1683 692 hospes
1717 617 1836 681 est,
1883 605 1980 691 qui

89 705 341 770 nesciat,
395 691 632 756 condita
671 714 899 778 quoque
930 689 1302 767 Monarchia,
1350 690 1410 751 in
1449 689 1601 752 hanc
1643 713 1746 753 eos
1774 713 1981 770 *curam

90 780 248 843 velut
318 777 696 865 principalem
738 779 1052 863 praecipuo
1090 797 1323 860 semper
1374 775 1569 839 studio
1618 775 1979 853 incubuisse,

90 877 152 927 ut
189 888 263 927 ne
311 862 384 926 ad
429 864 650 926 alienas
695 860 970 923 haeredia
1019 883 1128 922 sua
1179 859 1419 923 veniant
1465 884 1702 939 manus,
1753 861 1978 948 hocque

87 949 169 1013 ita
209 949 261 1011 si
291 948 620 1012 necessitas
651 959 752 1009 aut
789 969 964 1008 casus
1005 946 1206 1022 ferret,
1246 944 1435 1032 prima
1474 946 1739 1025 fratrum,
1784 946 1975 1034 proxi—

87 1058 180 1098 ma
215 1046 618 1120 cognatorum,
651 1031 1027 1094 finitimorum
1066 1029 1270 1094 deinde
1313 1029 1755 1118 vicinorumque
1805 1033 1865 1094 in
1904 1031 1978 1093 iis

86 1116 452 1207 acquirendis
495 1129 660 1180 esset
698 1117 864 1180 ratio.
922 1119 1152 1179 Morem
1193 1114 1392 1202 gentis
1431 1113 1586 1179 hunc
1627 1141 1734 1205 per
1772 1118 1977 1180 Belam

86 1205 409 1293 probatum,
432 1226 546 1267 non
581 1215 693 1280 est,
725 1200 878 1289 quod
901 1202 1100 1264 multis
1124 1200 1489 1278 contendam,
1523 1202 1751 1289 quando
1787 1204 1979 1291 palam

87 1303 212 1354 est:
242 1289 459 1352 nullam
489 1311 798 1351 causarum
835 1288 1090 1375 speciem
1138 1286 1248 1349 hac
1278 1286 1432 1373 apud
1460 1310 1569 1350 nos
1600 1311 1790 1375 neque
1831 1289 1978 1352 anti-

88 1376 346 1462 quiorem
392 1397 581 1461 neque
627 1373 1101 1460 frequentiorem,
1132 1372 1295 1458 ipsos
1336 1370 1480 1435 adeo
1509 1372 1754 1437 Judices
1789 1377 1980 1438 Nota-

83 1461 336 1547 riosque,
374 1483 490 1522 usu
529 1458 786 1537 assiduO,
817 1459 877 1521 in
906 1457 1018 1521 hoc
1047 1458 1482 1521 contentionum
1521 1459 1843 1523 forensium
1872 1484 1976 1546 ge-

84 1570 224 1610 nere
254 1545 429 1610 etiam
459 1545 749 1608 dissertos
781 1567 932 1608 esse.
962 1547 1057 1607 Ex
1081 1542 1348 1629 plurimis
1381 1542 1634 1620 interim,
1661 1568 1809 1631 quae
1828 1545 1979 1607 hanc

77 1632 230 1717 juris
261 1631 650 1717 antiquissimi
677 1631 948 1716 regulam
971 1629 1329 1716 significant,
1358 1628 1748 1693 axiomatibus
1771 1638 1814 1709 1)
1838 1631 1979 1694 illud

85 1716 223 1779 mibi
253 1730 312 1780 et
341 1715 675 1803 compendio
707 1715 1003 1779 doctrinae
1043 1727 1102 1778 et
1130 1717 1362 1800 priscae
1403 1714 1796 1801 simplicitatis
1838 1740 1980 1802 gra-

84 1803 167 1865 tia
195 1803 412 1888 placet,
455 1801 608 1888 quod
644 1801 727 1864 ita
756 1799 935 1863 habet
975 1823 1156 1877 „cum
1185 1800 1402 1863 fratres
1434 1823 1576 1863 suos
1608 1825 1723 1864 non
1756 1815 1977 1865 statue-

82 1887 187 1963 rit3
218 1911 335 1951 non
365 1910 647 1959 ememus;
679 1899 841 1950 terra
871 1886 1020 1948 enim
1045 1885 1367 1948 communis
1392 1897 1485 1948 est
1509 1897 1567 1949 et
1589 1885 1978 1952 haereditaria

85 1983 333 2037 eorum“
362 1980 427 2052 2).

264 2173 308 2243 ¹]
335 2173 390 2224 C.
423 2174 482 2224 D.
502 2169 589 2225 1V.
614 2172 669 2224 2.
695 2190 746 2240 p.
782 2171 898 2224 118
946 2174 1051 2235 „de
1082 2155 1384 2236 beneplacito
1426 2179 1475 2222 et
1512 2187 1756 2223 consensu
1795 2190 1979 2239 cogna—

86 2266 247 2309 torum
277 2275 478 2309 suorum
515 2269 563 2310 et
599 2260 708 2309 Isov
738 2259 1058 2309 commetanei
1097 2258 1239 2306 sui.“
1288 2256 1408 2306 Ihid.
1441 2273 1491 2323 p.
1533 2255 1676 2307 120:
1712 2260 1977 2319 „omnium

86 2351 403 2409 cognatorum
450 2352 498 2395 et
527 2352 973 2396 commetaneorum
1017 2358 1215 2394 suorum
1255 2358 1500 2392 consensu
1536 2344 1768 2409 requisito
1809 2352 1856 2394 et
1886 2345 1978 2394 ob-

87 2436 248 2491 tento,
294 2429 504 2480 totaliter
557 2431 677 2481 nihil
716 2430 843 2497 juris
885 2439 932 2481 et
972 2428 1212 2496 portionis
1242 2427 1419 2477 ibidem
1458 2430 1773 2490 reservandO,
1808 2431 1976 2480 vendi-

90 2514 200 2562 dit“
232 2523 326 2565 etc.
362 2514 546 2573 Quibus
576 2517 710 2581 Trip.
743 2515 883 2575 Verb.
910 2516 962 2564 P.
996 2517 1034 2564 Ι.
1071 2515 1140 2565 tit.
1171 2511 1245 2563 60
1269 2521 1315 2563 et
1347 2511 1423 2562 69
1458 2523 1784 2565 consentanea
1816 2517 1974 2566 tradit.

263 2603 308 2661 2)
339 2600 421 2650 ΠΙ.
455 2618 497 2650 v.
537 2599 588 2649 1.
623 2595 763 2650 l413.

702 2823 781 2883 ΙΙ.
828 2822 927 2883 De
954 2827 1111 2902 jure
1155 2843 1365 2883 sea-us.

957 3001 1095 3076 §a

131 3152 345 3202 Terrae
391 3153 817 3202 descensuales
864 3152 1014 3201 solis
1047 3153 1220 3213 siliis,
1270 3152 1329 3201 hi
1375 3152 1424 3202 si
1470 3152 1671 3218 plures
1702 3159 1931 3209 essent,

475 3237 680 3286 domus
725 3245 967 3302 paterna
1013 3245 1081 3286 ut
1119 3238 1356 3301 juniori
1399 3239 1587 3287 cedat.

255 3397 592 3459 Divisiones
623 3408 911 3458 terrarum
943 3394 1407 3458 descensualium
1437 3417 1605 3456 rarae
1629 3407 1689 3458 et
1715 3418 1820 3482 per
1852 3418 1978 3458 sor·

90 3494 195 3544 teS.
239 3483 525 3546 Materiae
570 3479 773 3542 barum
817 3479 1073 3564 sagittae
1118 3481 1299 3565 (nyil)
1335 3492 1629 3565 tamquam
1673 3493 1843 3567 parta
1875 3504 1980 3567 per
