2358 3874
2002 254 2084 312 95

147 391 294 453 creti
330 388 402 451 (le
434 411 484 450 a.
526 395 687 451 1291
727 385 1009 462 innuitur,
1052 387 1126 449 ab
1164 385 1278 450 hoc
1312 389 1690 474 processisse
1721 392 1908 475 Rege.
1949 391 2082 468 Cui,

150 475 248 559 qui
285 486 460 535 antea
495 473 775 558 Capellae
817 472 1125 557 Magistri,
1165 474 1290 557 jam
1331 474 1595 535 Comites
1635 487 1927 538 vocantur
1970 478 2081 537 Ca»

144 558 331 644 pellae
371 557 599 642 Regiae
622 564 684 636 1).
730 556 903 633 Quod
926 557 1325 641 scriptoribus
1359 558 1490 620 aevi
1518 558 1695 620 medii
1728 559 1905 622 etiam
1931 562 2083 623 Gra-

144 639 456 728 phiarium,
473 642 898 716 Secretarium,
915 641 1486 726 Chartophilacium,
1502 641 1835 705 Archivum
1863 643 2083 707 dictum

146 739 203 789 et
239 726 631 789 recondendis
679 739 738 788 et
790 725 1129 788 emittendis
1164 725 1556 792 inservivisse
1587 727 1780 790 literis
1817 736 1868 808 2)
1902 729 2084 791 adno-

151 823 373 873 tantem
414 834 506 874 me
555 810 607 872 si
650 809 1080 896 reprehendaS,
1127 810 1494 872 memineris:
1545 810 1840 874 interdum
1886 837 2083 898 genus

149 918 286 958 esse
317 895 565 980 peritiae
600 895 808 971 vitare,
840 893 996 979 quod
1026 892 1216 956 doctis
1246 895 1479 978 placeat
1508 902 1577 973 3).
1610 897 1712 958 Ab
1747 920 1816 959 eo
1848 897 2083 994 petitio-

151 979 327 1040 nibus
374 979 533 1064 loqui
555 978 819 1041 traxisse
853 977 1146 1062 originem
1166 978 1374 1039 Simon
1399 979 1470 1040 de
1486 982 1662 1041 Keza
1689 981 1900 1043 scribit
1925 1005 2081 1044 vere.

149 1063 250 1125 Ad
305 1064 460 1148 quod
501 1076 638 1148 post
680 1085 778 1139 ea,
820 1085 971 1147 quae
1016 1065 1142 1147 jam
1181 1061 1242 1123 in
1279 1062 1536 1125 Notitiis
1577 1064 1839 1148 praeviis
1869 1089 1963 1128 me
2000 1066 2082 1127 di-

147 1171 282 1210 cere
319 1146 585 1222 memini,
647 1170 827 1208 unum
868 1146 1041 1209 modo
1087 1146 1331 1209 addam:
1378 1148 1727 1211 varietatem
1781 1150 1928 1233 styli
1978 1149 2084 1211 Di-

146 1233 468 1317 plomatum
489 1243 778 1307 veterum,
804 1230 1068 1316 ejusdem
1090 1231 1230 1293 licet
1252 1232 1607 1294 Cancellarii
1628 1233 2084 1296 subnotatorum

146 1339 324 1378 manu
362 1316 500 1378 hinc
535 1315 817 1392 fluxisse,
872 1315 1029 1401 quod
1074 1315 1431 1379 liberalitate
1475 1320 1708 1401 Regum
1761 1318 2082 1404 petitiones

146 1399 384 1476 eadem,
427 1422 543 1484 qua
585 1399 1103 1485 proponebantur,
1154 1413 1498 1486 acceptatae
1544 1414 1685 1463 sunt
1722 1401 1939 1479 forma,
1976 1426 2084 1489 per

145 1483 415 1545 homines
453 1496 695 1546 exteros
733 1483 806 1546 ad
840 1482 1109 1560 habitus,
1147 1485 1732 1570 consuetudinesque
1769 1510 1912 1548 suas
1949 1511 2082 1550 ver-

145 1566 239 1629 bis
281 1567 396 1629 sibi
448 1567 707 1654 propriis
758 1567 1141 1630 accomodata
1178 1575 1250 1647 4).
1302 1567 1372 1630 ld
1423 1570 1586 1631 velut
1636 1582 1806 1633 extra
1851 1594 2083 1634 omnem

333 1835 373 1893 l)
407 1833 562 1897 Geyza
592 1833 674 1893 11.‚
710 1834 842 1896 quod
873 1833 1043 1882 literae
1085 1832 1191 1897 ejus
1231 1833 1289 1881 de
1321 1849 1365 1882 a.
1406 1830 1564 1882 1150
1599 1833 1727 1897 apud
1759 1833 1924 1882 Koller
1953 1834 2078 1883 Hist.

145 1917 237 1982 Ep.
274 1916 594 1981 Quinqueecl.
629 1924 905 1976 testantur,
938 1918 1191 1966 Notarium
1223 1917 1521 1977 Barnabam,
1557 1924 1606 1966 et
1635 1918 1889 1967 Nicolaum
1920 1918 2081 1982 regiae

146 2001 371 2065 Capellae
404 2001 692 2063 (tabulario)
734 2001 1130 2063 Praesidentem3
1176 2001 1456 2066 Stephanus
1487 1989 1582 2050 ΙΙΙ.
1606 2002 1895 2051 Bicennium
1928 2003 2082 2051 Nota—

143 2086 271 2135 rium
311 2092 359 2134 et
398 2086 580 2135 Sudam
621 2086 846 2150 Capellae
884 2086 1197 2149 Magistrum,
1242 2101 1297 2134 ac
1338 2085 1662 2149 Sigillatorem
1702 2086 1888 2135 habuit.
1940 2088 2079 2135 Anno

150 2165 307 2219 1163
342 2169 482 2233 Hugo
503 2170 705 2230 Notarii,
740 2169 957 2219 Thomas
980 2169 1152 2219 Officio
1173 2170 1391 2233 Magistri
1413 2169 1637 2234 Capellae
1670 2171 1897 2234 praefuit.
1932 2170 2080 2219 Paul—

144 2253 221 2303 lus
250 2253 530 2318 Episcopus
561 2254 924 2317 Ultrasylvanus
958 2254 1159 2303 ultimus
1192 2255 1321 2303 circa
1353 2270 1397 2302 a.
1438 2251 1593 2302 1181
1631 2255 1776 2303 Belae
1807 2255 1891 2303 III.
1925 2248 2080 2323 Nota-

145 2338 268 2398 riUS,
302 2353 416 2387 nam
449 2339 531 2402 qui
562 2338 696 2388 hunc
730 2338 1062 2402 sequebantur
1085 2337 1187 2402 jam
1214 2337 1520 2398 Cancellarii,
1556 2339 1830 2403 eodemque
1853 2345 2079 2402 tempore

144 2421 362 2485 Magistri
392 2428 476 2472 aut
504 2422 846 2471 Praesidentes
879 2422 1123 2487 Capellae,
1160 2421 1379 2472 Comites
1411 2422 1527 2471 dicti
1559 2429 1691 2472 sunt.
1727 2423 1786 2472 Hi
1821 2423 1995 2472 Carolo
2029 2430 2077 2471 et

143 2505 390 2554 Ludovico
421 2506 460 2554 Ι.
494 2506 734 2570 Regibus,
770 2490 931 2555 simul.
954 2505 1097 2555 etiam
1132 2506 1469 2556 Secretarii
1511 2506 1874 2556 Cancellarii
1905 2513 1953 2555 et
1985 2507 2077 2555 Se-

145 2590 337 2638 cretarii
367 2590 552 2638 Notarii
592 2589 924 2653 appellantur,
967 2596 1015 2638 et
1044 2591 1302 2640 Villermus
1334 2591 1532 2655 quidem
1563 2591 1879 2655 Praepositus
1909 2590 2074 2639 Ecles,

143 2675 256 2736 Agr.
293 2673 536 2723 Comitem
569 2673 794 2737 Capellae
834 2680 883 2722 et
913 2674 1240 2723 Secretarium
1273 2674 1629 2723 Cancellarium
1658 2674 1892 2724 Ludovici
1930 2674 2077 2738 Regis

146 2772 198 2806 se
231 2758 402 2806 scribit
434 2773 477 2806 a.
518 2754 676 2807 1369
711 2757 760 2805 in
790 2757 971 2817 literiS,
1015 2758 1192 2821 quibus
1222 2764 1431 2807 testatur
1459 2758 1745 2808 mandatum
1785 2759 1877 2808 sibi
1909 2774 2018 2807 esse
2050 2773 2077 2807 a

144 2841 274 2905 Rege
309 2849 410 2902 „ut
439 2842 488 2890 in
522 2842 1004 2890 Conservatorio
1037 2842 1242 2905 Regali
1273 2842 1437 2891 literas
1470 2843 1705 2906 quasdam
1736 2842 1938 2907 Papales
1974 2858 2078 2890 ex-

146 2926 370 2988 quirat,
406 2933 454 2974 et
484 2941 651 2975 earum
692 2926 883 2989 copiam
915 2927 1101 2990 petenti
1135 2926 1224 2975 suh
1259 2926 1425 2990 Sigillo
1457 2926 1637 2990 Regi0,
1686 2934 1782 2990 qu'o
1824 2933 2075 2991 praetextu

146 3009 261 3057 dicti
301 3009 504 3058 honoris
553 3009 654 3068 sui,
704 3009 890 3058 scilicet
934 3010 1209 3059 Comitatus
1251 3010 1476 3074 Capellae
1514 3010 1771 3071 utebatur,
1817 3011 2071 3060 extradet⁶‘

47 3165 54 3170 -
145 3093 334 3155 Vagner
362 3092 489 3157 Dipl.
525 3093 690 3142 Saros.
724 3109 774 3156 p.
811 3088 951 3143 1467.

323 3204 372 3272 2)
408 3205 734 3269 Spelmannus
766 3207 826 3254 ad
858 3222 1027 3256 vocem
1061 3208 1258 3270 Capella
1289 3207 1454 3269 Regia.

324 3319 370 3375 3)
404 3317 686 3366 Cassiodor.
721 3319 770 3367 in
802 3319 957 3367 Praef.

321 3432 369 3489 ⁴)
401 3429 495 3478 Pro
528 3430 752 3494 plurimis
801 3431 905 3479 aliis
954 3447 1107 3481 unum
1149 3433 1253 3481 vide
1297 3433 1364 3481 sis
1404 3433 1627 3497 Diploma
1680 3435 1979 3483 monasterio
2022 3434 2072 3483 S..

159 3513 330 3562 Crucis
364 3514 527 3565 datum
562 3514 859 3577 citatumque
890 3531 979 3578 per
1010 3531 1101 3564 nos
1134 3517 1347 3579 saepius.
