2358 3874
303 252 387 307 9⁰

304 399 538 449 mortuo
562 388 609 448 S
654 386 956 447 alatenses
989 383 1299 447 confestim
1332 407 1399 444 se
1422 385 1606 446 Belae
1632 383 2045 468 subjecerunt3
2082 404 2236 444 anno

305 473 494 534 altero
524 409 885 545 Jagrenses,
940 468 1156 530 dudum
1207 467 1266 529 in
1295 473 1546 531 'omnem
1589 466 1804 530 intenti
1845 467 2238 543 occasionem,

305 579 422 639 qua
437 558 811 618 Venetorum
844 565 1124 615 excutere
1144 555 1363 638 jugum
1393 563 1663 638 possent,
1696 550 1770 613 ad
1800 551 2116 636 pristinam
2145 573 2239 613 re-

305 640 541 704 dierunt
580 637 849 701 officium.
895 639 1101 722 Atque
1146 660 1220 699 ex
1257 636 1368 700 hoc
1406 648 1673 722 tempore
1711 658 1923 699 nomen
1967 634 2240 697 mariti-

303 746 451 786 mae
490 721 933 807 provinciae,
973 721 1421 807 partiumque
1459 718 1960 782 maritimarum
1993 727 2241 803 (tenger

304 808 583 886 melleke)
616 805 769 890 apud
801 829 911 868 nos
943 806 1004 867 in
1036 829 1213 868 usum
1244 806 1422 869 venit.

1182 1046 1225 1121 ς
1269 1049 1369 1104 31.

303 1195 626 1244 Praesules
672 1210 810 1245 vero
841 1195 1219 1245 Eclesiarum
1268 1211 1384 1244 non
1430 1195 1582 1244 alios
1630 1194 1816 1259 deligi
1862 1194 2238 1252 admitteret,

417 1294 585 1342 quam
633 1294 780 1342 quos
825 1280 920 1328 his
966 1279 1221 1343 praefici
1269 1280 1445 1329 etiam
1492 1279 1873 1344 reipublicae
1918 1277 2113 1328 civilis

1099 1364 1448 1413 interesseL

473 1521 775 1583 Dalmatia
813 1524 1041 1607 potitus
1080 1545 1187 1608 per
1218 1522 1611 1607 Spalatenses
1656 1544 1775 1584 non
1816 1520 2026 1596 alium,
2067 1541 2242 1604 quam

303 1627 530 1690 genere
578 1608 936 1690 Hungarum
984 1606 1127 1691 eligi
1164 1604 1710 1692 Archiepiscopum
1763 1603 2039 1677 admisit3
2086 1602 2244 1688 quod

302 1690 476 1774 plane
526 1713 881 1776 persuasum
931 1689 1048 1751 sihi
1095 1690 1370 1753 haberet:
1415 1691 1684 1766 IncolaS,
1720 1689 1772 1751 si
1815 1689 2244 1774 obsequentem

302 1775 458 1858 Regi
488 1774 847 1835 Antistitem
877 1773 1197 1836 haberent:
1246 1788 1307 1837 et
1336 1778 1505 1860 ipsos
1546 1775 1606 1836 in
1638 1774 1754 1838 fide
1784 1772 2020 1835 facilius
2056 1772 2243 1834 conti-

303 1858 546 1920 nendos
592 1857 926 1941 Effecitque
958 1858 1073 1934 sic,
1105 1869 1172 1920 ut
1204 1881 1254 1919 a.
1291 1865 1455 1920 1185
1486 1862 1712 1921 Petrus
1745 1855 2031 1920 Chitelini
2061 1857 2242 1934 filius,

302 1942 484 2004 nobili
515 1941 669 2027 apud
691 1945 1026 2026 Hungaros
1057 1966 1284 2028 genere
1317 1955 1486 2005 ortus
1509 1941 2025 2029 Archiepiscopus
2057 1940 2243 2026 elige-

302 2038 496 2102 retur,
540 2048 727 2087 novae
765 2026 1145 2110 postmodum
1180 2026 1336 2113 apud
1367 2027 1729 2090 Corhaviam
1779 2025 1940 2089 sedis
1994 2025 2242 2113 Episco-

303 2110 453 2200 palis
485 2109 775 2172 conditor.

1185 2357 1228 2432 g
1273 2361 1373 2415 32.

305 2505 620 2554 Galliciam
684 2507 942 2556 nondum
1006 2506 1128 2556 ullo
1177 2506 1313 2571 jure
1369 2507 1621 2557 Polonis
1677 2507 1994 2557 obnoxiam
2055 2499 2240 2572 regno

304 2588 645 2653 Hungariae
691 2591 1011 2650 adnexuit,
1065 2591 1327 2655 huicque
1357 2593 1676 2652 Andream,
1709 2592 2048 2642 Emericum
2086 2592 2242 2641 enim

303 2679 445 2723 natu
490 2674 775 2738 majorem
820 2674 1012 2724 filium
1051 2674 1167 2739 jam
1214 2684 1387 2726 antea
1432 2677 1792 2738 Dalmatiae,
1837 2676 2241 2740 Croatiaeque

1098 2761 1415 2824 praefecit,

413 2948 416 2949 ⁷
475 2915 624 2976 Bela
654 2919 762 2976 111.
809 2916 969 2977 circa
1016 2940 1066 2978 a.
1101 2925 1300 2993 1189,
1347 2921 1474 3002 jam
1505 2917 1847 3001 Ungariae,
1880 2917 2236 2994 Dalmatiae,

304 2998 609 3073 Croatiae,
641 3002 865 3061 Ramae
896 3023 1006 3062 nec
1040 3024 1156 3062 non
1199 3000 1483 3064 Galaziae
1516 3000 1863 3081 (Galliciae)
1902 3003 2132 3085 Regem
2174 3024 2240 3063 se

304 3081 529 3144 scribit.
562 3085 641 3144 Et
662 3082 998 3144 Dalmatiae
1031 3083 1264 3167 quidem
1296 3107 1365 3145 ac
1386 3084 1665 3147 Oroatiae
1696 3083 2035 3147 Emericum
2055 3086 2240 3147 filium

307 3178 445 3228 natu
478 3169 755 3251 majorem
788 3167 1094 3252 praefecit,
1119 3179 1435 3253 postquam
1467 3192 1598 3231 eum
1623 3192 1673 3230 a.
1702 3174 1867 3231 1185
1900 3181 2239 3235 consortem

305 3250 478 3334 regni
521 3248 915 3327 declarasset,
981 3251 1373 3337 coronarique
1421 3253 1732 3338 jussisset.
1808 3255 2007 3349 Hujus
2052 3253 2240 3315 vicem

305 3334 564 3395 Calanus
597 3335 1226 3421 Quinqueeclesiarum
1266 3338 1548 3400 Antistes
1591 3338 1664 3399 ab
1711 3336 1939 3422 ingenii
1981 3335 2239 3399 consilii-

307 3439 420 3498 que
447 3418 718 3483 ubertate
738 3421 920 3504 longe
946 3410 1391 3498 celeberrimuS,
1413 3421 1622 3507 Regiis
1647 3421 1932 3508 auspiciis
1956 3420 2238 3506 aliquam-
