2358 3874
297 222 423 278 216

295 358 500 421 fectis:
540 356 867 443 VajvodiS,
919 357 1135 433 Banis,
1174 355 1465 441 Despotis
1511 357 1834 421 subessent
1881 356 2084 444 gentis
2131 380 2234 445 po-

293 442 589 506 tissimum
627 465 798 515 suae3
836 439 896 502 hi
931 442 992 503 in
1025 463 1270 503 numero
1296 443 1600 503 Baronum
1634 455 2025 506 censerentur
2052 442 2230 529 regni

293 527 677 612 Hungariae,
716 525 1094 610 comitatique
1130 548 1256 611 per
1294 525 1626 588 meliores
1669 527 2090 611 provinciae
2132 540 2235 590 aut

294 611 595 674 nuncios
631 624 692 673 et
732 613 1085 674 Oratores
1129 632 1238 696 per
1284 609 1437 670 hanc
1490 608 1754 672 delectos
1804 634 1936 673 cum
1974 612 2048 675 ad
2097 612 2232 688 alia,

293 708 416 758 tum
476 695 831 782 praesertim
901 693 1355 756 universalia
1420 693 1730 756 Comitia
1811 695 2059 759 adirent.
2139 700 2235 759 Ex

294 779 509 865 quibus
564 778 773 841 deinde
804 802 922 841 non
953 778 1243 864 imperata
1282 777 1426 854 sibi,
1476 778 1585 841 sed
1623 801 1731 864 per
1769 801 1836 839 se
1874 780 2053 842 etiam
2095 803 2234 843 con-

293 886 476 926 sensa
522 863 596 925 ad
645 887 790 926 suos
837 862 1160 939 referrent,
1211 861 1423 948 hisque
1474 862 1534 924 in
1585 863 1831 925 eandem
1873 863 2235 927 sententiam

294 959 628 1034 opportuna
657 946 1046 1024 decernendi,
1102 960 1378 1010 auctores
1429 959 1666 1020 essent3
1707 948 1859 1010 fines
1893 961 2233 1024 tuerentur3

292 1032 772 1118 descriptumque
804 1044 1006 1118 pacto,
1040 1044 1143 1094 aut
1172 1033 1309 1116 lege
1350 1031 1556 1093 militis
1598 1055 1906 1094 numerum
1946 1033 2019 1096 ad
2058 1034 2233 1111 bella,

292 1140 442 1203 quae
484 1141 591 1203 per
631 1120 836 1203 Reges
880 1117 1359 1202 susciperentur,
1401 1128 1756 1179 statuerent.
1800 1117 1926 1204 lpsi
1967 1118 2235 1181 vicissim
2282 1148 2288 1155 ·

290 1199 640 1288 populique,
687 1202 904 1298 quibus
950 1213 1332 1287 praeessent,
1381 1204 1587 1286 Reges
1635 1201 1771 1264 illos
1822 1202 2035 1266 salutis
2089 1226 2236 1267 suae

292 1286 607 1361 custodes,
656 1286 1041 1372 vindicesque
1090 1285 1383 1348 haberent
1420 1298 1761 1372 perpetuos.
1807 1289 2007 1350 Nemo
2044 1287 2235 1373 igitur

288 1370 349 1432 in
381 1369 475 1432 his
506 1370 758 1433 Atilium
780 1378 832 1450 4)
876 1393 1048 1434 nemo
1097 1371 1349 1433 alterum
1388 1370 1554 1433 illum
1585 1373 1810 1433 Romae
1852 1372 2078 1435 veteris
2121 1376 2238 1435 lm-

290 1468 632 1541 peratorem
681 1467 957 1541 quaerat,
1007 1459 1176 1542 cujus
1221 1455 1397 1517 unius
1436 1454 1661 1541 praeda
1701 1456 1878 1518 finem
1919 1456 2002 1518 ibi
2033 1458 2236 1520 attulit

289 1539 653 1603 tributorum
683 1548 753 1619 5).
788 1540 990 1603 Aliam
1016 1539 1332 1626 Principes
1363 1538 1425 1600 hi
1463 1539 1968 1619 consectabantur
2002 1541 2237 1626 magni-

289 1624 516 1687 tudinis
556 1623 733 1686 animi
783 1623 1036 1710 gloriam
1077 1624 1339 1686 nativam
1378 1623 1539 1685 illam
1594 1636 1654 1686 et
1690 1624 2033 1688 testimonio
2068 1625 2236 1691 Thu-

291 1707 500 1771 cididis
539 1731 841 1793 nunquam
871 1732 989 1770 non
1023 1709 1525 1785 consentientem,
1566 1706 1638 1770 de
1678 1731 1793 1793 qua
1831 1709 1984 1771 bene
2020 1709 2234 1774 Cicero

291 1792 442 1877 apud
475 1792 742 1855 Nonium
777 1791 1079 1877 „Scythis
1116 1796 1239 1854 anti
1284 1815 1509 1868 norem,
1542 1793 1826 1855 laetitiam
1856 1794 2026 1871 esse,
2060 1817 2233 1880 quam

288 1877 577 1940 lucrum.“
660 1877 772 1939 Cui
822 1877 1068 1962 generis
1122 1877 1215 1940 sui
1245 1815 1420 1941 (laudi
1472 1877 1856 1954 insistenteS,
1914 1876 2028 1941 hoc
2080 1879 2235 1966 apud

290 1984 361 2023 ae
405 1985 515 2023 uos
571 1984 773 2023 rerum
823 1961 1085 2024 arbitros
1137 1961 1403 2024 assecuti
1456 1974 1626 2038 sunt,
1679 1985 1853 2025 nemo
1905 1962 1978 2026 'ut
2021 1962 2235 2028 horum

289 2067 381 2107 am
429 2045 587 2131 igat:
655 2068 783 2107 eam
809 2094 824 2122 ,
888 2069 1060 2132 quam
1121 2047 1548 2131 Montesquius
1609 2046 1671 2108 in
1731 2047 1902 2110 Atila
1962 2048 2232 2125 miratur,

290 2153 466 2215 erga
516 2131 752 2193 victos
816 2130 1277 2216 aequitatem,
1336 2154 1452 2193 non
1498 2129 1570 2192 de
1619 2130 1733 2194 hoc
1778 2132 2006 2217 magiS,
2097 2155 2230 2198 uam

287 2213 561 2299 Regibus
593 2215 975 2300 Hungariae,
1007 2215 1164 2277 virili
1197 2215 1432 2302 Arpadi
1464 2215 1655 2303 stirpe
1688 2215 1866 2279 editis
1897 2240 2042 2304 prae
2085 2215 2230 2279 icari

287 2321 484 2384 posse.

289 2539 584 2602 Procerum,
623 2543 857 2604 Militum,
898 2545 1144 2596 Nobilium
1183 2553 1232 2596 et
1271 2546 1651 2597 Universitatum
1709 2546 1969 2596 ditionis
2014 2546 2229 2596 Sacrae

290 2625 564 2675 Coronae
613 2628 787 2691 regni
835 2629 1236 2694 Hungariae“
1288 2630 1511 2696 ejusdem
1560 2632 1655 2681 vim
1689 2631 2084 2696 sententiamque
2123 2632 2229 2681 for-

287 2710 448 2760 mulae
486 2711 758 2763 continent.

465 2797 513 2855 ⁴)
546 2796 825 2861 Superbum
857 2798 1005 2864 hujus
1036 2801 1096 2850 ad
1128 2800 1543 2865 Carthaginenses
1574 2816 1873 2865 responsum
1902 2799 2068 2863 Polyb.
2103 2799 2141 2848 1.
2170 2796 2222 2849 1.

288 2878 550 2928 adnotavit.

466 2965 514 3024 ⁵)
546 2963 649 3015 Cic.
684 2966 745 3015 de
778 2967 873 3017 Off.
907 2967 969 3018 11.
1006 2966 1105 3018 22.
1139 2969 1350 3019 Velleius
1381 2969 1569 3019 Patere.
1605 2969 1642 3019 Ι.
1679 2967 1735 3019 9.

1806 3593 2127 3644 MANTISSA.
