2280 3918
302 195 383 249 36

591 345 774 412 vlu.
828 345 998 410 Rex
1053 341 1430 411 Sanctus
1481 343 1935 409 [ladislaus

922 497 977 546 ab
1009 512 1137 547 anno
1174 494 1331 546 1077
1354 525 1417 531 --
1451 493 1628 544 1095.

1179 661 1220 736 ς
1267 663 1363 753 16.

1078 812 1194 862 Rex
1241 812 1479 862 electus

490 979 663 1050 Esse,
698 973 797 1059 qui
829 971 1074 1060 praesit,
1108 995 1256 1059 opus
1287 984 1444 1045 erat3
1479 972 1778 1035 universis
1809 972 2008 1059 itaque
2043 972 2234 1035 sufra-

320 1060 437 1146 giis
470 1063 600 1123 Rex
625 1063 859 1145 juSSUS,
893 1059 1121 1120 clavum
1150 1056 1509 1144 reipublicae
1541 1058 1888 1144 capessivit3
1937 1082 1972 1120 a
2005 1057 2233 1121 solenni

321 1144 717 1208 coronationis
747 1144 868 1206 ritu
900 1143 1203 1206 abstinuit.
1248 1142 1401 1220 Quid
1433 1143 1493 1204 in
1524 1143 1740 1207 ceteris
1775 1167 2006 1230 quoque
2036 1167 2235 1207 mune-

319 1232 403 1292 ris
437 1230 649 1292 summi
678 1228 979 1314 Principis
1026 1228 1295 1315 partibus
1332 1251 1399 1290 se
1431 1227 1672 1314 dignum
1705 1242 1889 1306 esset,
1922 1229 2236 1293 verissimo

321 1316 668 1402 sapientiae,
698 1314 1084 1400 integritatiS,
1119 1313 1572 1400 sanctitatisque
1602 1338 1829 1377 morum
1860 1337 2103 1378 suorum
2139 1317 2236 1401 ju-

314 1402 462 1464 dicio
495 1400 847 1468 aestimavit.
878 1404 957 1462 Et
991 1400 1196 1463 exules
1234 1399 1422 1486 igitur
1461 1400 1704 1487 recepit,
1735 1424 1843 1488 per
1874 1401 2235 1466 Pontificem

315 1486 751 1550 commendatos
783 1485 918 1563 sibi,
942 1498 1002 1549 et
1033 1509 1172 1549 vero
1199 1484 1536 1548 damnatum
1565 1510 1671 1573 per
1694 1484 1849 1548 hunc
1900 1509 2238 1553 sacrorum-

321 1596 434 1659 que
471 1571 845 1635 interdictum
882 1570 1287 1634 communione
1317 1572 1658 1634 Boleslaum
1686 1571 1973 1634 Poloniae
2004 1574 2239 1633 Ducem

319 1657 612 1743 sanguine
644 1657 755 1719 sibi
778 1659 1048 1742 junctum
1088 1657 1346 1743 benigne
1377 1656 1817 1742 liberaliterque
1849 1655 2073 1732 habuit,
2107 1668 2167 1720 et
2205 1679 2240 1718 a

323 1756 512 1810 morte
568 1746 696 1829 ejus
719 1792 733 1819 ,
791 1742 910 1804 filio
941 1743 1191 1805 alterum
1222 1765 1288 1805 se
1317 1755 1545 1829 patrem
1573 1741 1896 1828 praestitit⁰

1191 1918 1233 1995 ς
1279 1920 1376 1978 17.

325 2070 614 2120 Coronam
652 2086 767 2120 non
807 2076 966 2131 ante,
1010 2084 1177 2134 quam
1214 2069 1375 2120 inter
1414 2085 1474 2120 se
1513 2077 1568 2121 et
1601 2071 1974 2122 Salomonem
2015 2087 2241 2123 conve-

999 2154 1226 2216 nisset,
1275 2152 1573 2221 suscepit.

499 2319 675 2378 Hunc
705 2313 1039 2401 Gregorius
1070 2317 1212 2378 Vll.
1243 2338 1380 2379 mox
1416 2315 1650 2403 primiS,
1689 2338 1838 2403 quas
1876 2316 1951 2380 ad
1982 2340 2112 2380 eum
2144 2316 2241 2380 de-

330 2400 416 2464 dit
444 2400 661 2478 literis,
686 2403 921 2487 =Regem
952 2400 1258 2478 salutavit,
1301 2424 1491 2487 neque
1523 2425 1591 2465 eo
1622 2401 1816 2465 minus
1845 2403 1907 2464 in
1934 2405 2242 2501 proposito

331 2509 440 2549 suo
473 2508 750 2549 coronam
790 2485 1104 2549 recusandi
1143 2484 1465 2549 Ladislaus
1507 2487 1787 2574 perstitit.
1831 2491 2006 2551 Hanc
2043 2501 2243 2575 ltaque

331 2595 483 2634 anno
517 2571 745 2635 demum
777 2578 939 2635 1081
973 2572 1262 2660 suscepit,
1296 2596 1409 2660 quo
1442 2572 1766 2636 Ordinibus
1787 2574 1964 2660 regni
1999 2574 2264 2638 arbitris·

330 2658 414 2720 ita
443 2658 599 2720 inter
627 2680 762 2719 eum
789 2669 849 2720 et
881 2657 1246 2721 Salomonem
1278 2671 1658 2737 conventum,
1689 2672 1756 2722 ut
1792 2657 1929 2722 huic
1971 2673 2254 2748 sumptus.

333 2741 405 2804 ad
463 2744 728 2829 regalem
778 2742 1275 2829 magnificentiam
1324 2768 1394 2807 su
1438 2744 1889 2832 peditarentur3
1966 2767 2243 2833 suprema

333 2840 526 2891 autem
556 2841 833 2916 potestas
869 2830 1042 2916 pleno
1092 2832 1232 2915 jure
1276 2767 1433 2918 apug
1473 2829 1819 2894 Ladislaum
1849 2842 2029 2894 esset.

1192 3025 1234 3102 ς
1281 3028 1377 3084 is.

338 3172 502 3223 Bella
541 3175 590 3224 ei
628 3175 823 3240 plura,
866 3175 1081 3242 quibus
1110 3193 1226 3228 non
1256 3180 1424 3229 modo
1454 3179 1760 3243 interfuit,
1802 3164 1922 3244 sed,
1957 3195 2067 3248 qua
2096 3178 2240 3242 Dux,

984 3263 1250 3329 praefuit
1296 3264 1597 3326 omnibus3

506 3394 622 3455 Hic
653 3418 783 3457 cum
814 3411 1174 3484 compertum
1203 3398 1478 3478 haberet,
1528 3401 1602 3464 ad
1642 3426 1742 3467 res
1770 3401 1928 3466 bello
1957 3421 2243 3499 prospere

338 3476 629 3557 gerendas
666 3480 976 3565 plurimum
1020 3485 1296 3550 momenti
1324 3486 1514 3573 Regis
1552 3487 1784 3553 adferre
1825 3499 2239 3574 praesentlam,
