2358 3874
298 217 421 274 186

298 352 566 441 profecto
597 362 811 413 cuncta
841 349 1083 410 fuerunt
1113 347 1435 431 ejusmodi,
1469 360 1534 410 ut
1563 348 1894 431 Legatum,
1938 344 2039 430 qui
2060 368 2138 408 :se
2167 345 2242 409 ad

300 435 763 501 confirmandam
794 431 986 517 Regis
1026 432 1441 494 auctoritatem
1471 430 1678 494 venire
1707 429 2002 506 obtendit,
2044 429 2248 516 reipsa

300 522 374 585 ad
414 521 570 584 hanc
602 523 740 606 jure
770 516 975 602 Regii,
1031 514 1185 600 quod
1228 537 1541 591 vocamus,
1584 518 1953 577 patronatus
1984 514 2247 576 frustan-

298 607 463 683 dam,
495 627 749 702 regnum
782 615 843 665 et
873 599 1274 663 sacerdotium
1307 612 1597 687 perpetuo
1623 599 2018 684 separandum
2052 598 2248 662 divor-

298 691 412 766 tio,
457 688 948 771 excitandamque
1001 685 1060 746 in
1102 684 1362 748 Civitate
1401 683 1749 759 Civitatem,
1796 683 1987 745 solius
2015 694 2249 746 tantum

301 778 521 838 Curiae
552 777 855 837 Romanae
884 768 1130 866 imperio
1161 768 1498 845 obnoxiam,
1530 768 1772 831 venisse
1803 766 2025 851 liquido
2071 767 2248 830 adfir-

300 859 449 921 mari
474 856 756 954 potuerit.
797 857 943 918 Non
973 866 1176 939 ltaque
1207 853 1634 930 schismaticis,
1665 863 1733 933 ut
1764 851 2002 937 quidam
2022 851 2249 927 volunt,

303 941 707 1017 ConsiliariiS,
740 939 850 1002 sed
879 961 955 1001 ne
986 938 1366 1002 Consiliariis
1399 938 1633 1024 quidem
1673 960 1854 1023 opus3
1898 934 2051 998 satis
2088 958 2251 997 nam-

302 1052 417 1114 que
455 1026 743 1090 Ladislao
783 1024 921 1101 fuit,
960 1024 1145 1087 Belae
1174 1026 1286 1086 1V.
1332 1035 1612 1110 nepotem
1656 1043 1724 1083 se
1764 1019 2140 1096 meminisse,
2186 1031 2254 1083 ut

261 1151 263 1153 >
300 1112 449 1175 haec
486 1111 631 1175 talia
669 1110 987 1173 adversum
1026 1121 1370 1170 sanctorum
1408 1111 1645 1192 Regum
1692 1104 1971 1168 instituta
2007 1104 2252 1168 molien-

301 1210 422 1261 tem
455 1219 608 1282 aqua
640 1208 700 1258 et
730 1195 872 1279 igne
895 1192 1295 1256 interdiceret.
1329 1191 1548 1277 Quiqui
1578 1192 1771 1276 igitur
1792 1188 2052 1277 Philippi
2081 1201 2253 1253 tuen-

301 1294 404 1345 tur
435 1303 696 1356 causam,
728 1278 1046 1341 videantur
1074 1277 1160 1339 illi
1190 1276 1327 1352 sibi,
1360 1299 1468 1363 per
1497 1299 1609 1337 nos
1640 1275 1799 1351 licet,
1824 1273 2253 1339 retractatione

303 1364 575 1430 Ladislai
624 1363 875 1450 egregie
928 1363 1151 1434 fortes3
1201 1385 1268 1424 re
1321 1384 1467 1425 vera
1514 1359 1769 1423 scientia
1806 1359 1981 1422 Juris
2008 1357 2254 1446 ,publici

306 1450 662 1535 Hungariae
707 1447 1013 1534 tyrunculi
1046 1459 1215 1522 sunt,
1307 1469 1418 1509 uos
1469 1468 1586 1530 ego
1612 1448 1741 1530 jam
1787 1443 1982 1507 tribus
2024 1454 2254 1507 tantum

309 1535 510 1599 verbis
541 1535 708 1608 volo,
759 1546 820 1596 et
854 1533 1033 1594 finem
1063 1530 1255 1594 trican
1301 1531 1317 1592 i
1348 1530 1588 1593 faciam:
1637 1529 1869 1592 Multos
1900 1527 2257 1614 Hungariae

307 1619 548 1683 maximi
586 1617 916 1681 Praesules
955 1615 1210 1678 nominis
1251 1616 1602 1687 obvenisse;
1657 1613 1769 1676 hos
1807 1625 2006 1676 tamen
2049 1635 2258 1676 omnes

309 1705 379 1768 ad
411 1717 638 1768 tantam
682 1702 836 1764 hanc
868 1700 1282 1764 claritudinem
1326 1722 1398 1761 ea
1427 1697 1750 1785 praecipue
1781 1698 2004 1760 virtute
2035 1697 2259 1760 elucta-

308 1803 406 1852 tos
437 1812 607 1864 esse,
652 1786 810 1872 quod
842 1808 1014 1871 quem
1046 1785 1375 1847 Ladislaus
1405 1783 1555 1845 urbe
1586 1781 1883 1858 Budensi,
1923 1785 2050 1869 ejus
2089 1804 2259 1868 prae—

311 1885 484 1970 cepta
531 1871 772 1960 politica
821 1870 1010 1956 legati
1040 1869 1321 1946 Romani,
1370 1891 1479 1955 pro
1533 1891 1600 1930 se
1632 1866 1922 1955 quisque,
1975 1866 2048 1930 ab
2096 1865 2262 1930 aditu

312 1958 491 2021 ammi
522 1956 618 2020 sui
648 1957 1038 2020 excluserunt
1059 1961 1129 2035 ⁷).

312 2232 336 2280 f
341 2229 428 2280 als
442 2245 468 2279 a
488 2228 713 2278 Ladislao
735 2229 1061 2279 denunciasse
1081 2234 1319 2289 autumat,
1342 2227 1595 2276 verissima
1617 2232 1826 2276 testatos
1847 2239 1958 2274 esse
1978 2238 2257 2288 cognoscas

317 2322 367 2365 et
405 2315 560 2363 multo
593 2314 831 2378 graviora,
866 2330 1012 2379 quam
1045 2329 1169 2379 quae
1199 2313 1369 2362 Patres
1402 2311 1584 2376 Synodi
1617 2309 1990 2374 Salzburgensis
2016 2308 2262 2358 Henricus

315 2400 424 2450 Dux
455 2397 684 2448 Bavariae
715 2399 989 2459 inferioriS,
1031 2399 1081 2447 in
1112 2398 1381 2447 laesionem
1413 2395 1768 2446 aestimationis
1794 2393 2107 2458 Principum,
2150 2408 2264 2443 cum

316 2483 548 2548 neglectu
578 2482 877 2532 Pontificalis
918 2482 1344 2541 mansuetudiniS,
1396 2488 1497 2530 tam
1537 2480 1760 2539 insolita,
1805 2493 1952 2544 quam
1990 2476 2267 2528 indecentia

317 2567 593 2626 induxisse,
626 2568 758 2632 apud
788 2567 1018 2616 Peczium
1058 2566 1114 2616 C.
1150 2568 1208 2616 D.
1245 2566 1372 2615 Hist.
1406 2565 1567 2630 Epist.
1608 2564 1663 2614 P.
1697 2564 1760 2613 11.
1793 2579 1845 2629 p.
1884 2558 2002 2612 139
2043 2562 2111 2612 ita
2141 2576 2270 2628 que-

318 2653 470 2711 ritur,
518 2659 574 2700 ut
620 2652 661 2700 si
698 2651 927 2701 laudibus
966 2652 1281 2701 Hierarchiae
1322 2651 1600 2709 Romanae,
1651 2648 1809 2715 qualis
1857 2647 1980 2697 haec
2027 2647 2079 2697 in
2120 2661 2269 2712 prae—

319 2737 591 2788 sentiarum
626 2742 719 2796 est,
756 2752 958 2801 operam
991 2737 1107 2786 dare
1136 2736 1258 2786 velle
1288 2734 1554 2785 videretur.
1662 2772 1674 2775 „

256 2816 259 2818 ’
504 2819 555 2888 ⁷)
588 2820 695 2869 Jam
731 2821 1070 2885 quinquennio
1110 2827 1226 2885 post
1256 2821 1334 2883 (V.
1368 2835 1412 2868 ν.
1451 2815 1506 2869 3.
1539 2834 1591 2883 p.
1628 2814 1775 2877 210)
1807 2815 2027 2865 Thomas
2056 2813 2272 2879 Episco-

319 2921 414 2970 pus
445 2905 754 2954 Varadiensis
786 2905 1002 2968 Reginae
1031 2905 1267 2970 primum,
1303 2903 1478 2954 deinde
1510 2901 1657 2966 Regis
1691 2900 2024 2951 Cancellarius
2056 2898 2179 2948 haec
2211 2899 2271 2948 de

322 3005 376 3039 se
410 2989 471 3038 ad
502 2995 734 3053 posteros
767 2989 1048 3054 consignari
1078 2990 1233 3040 literis
1263 2988 1442 3048 voluit,
1477 2985 1731 3037 doctrinae
1763 2983 2054 3050 Philippinis
2084 2983 2275 3033 articu-

321 3075 380 3123 lis
412 3074 471 3123 iis
504 3073 895 3137 comprehensae
928 3074 1111 3138 oppido
1146 3088 1294 3138 quam
1326 3074 1545 3129 adversa,
1583 3070 1738 3132 „licet
1761 3076 1928 3120 autem
1953 3068 2115 3119 divino
2141 3074 2274 3117 esset

320 3158 591 3224 inscriptus
624 3157 863 3222 obsequio
895 3158 945 3207 in
978 3158 1139 3207 officio
1180 3156 1441 3222 pastorali3
1485 3155 1666 3220 Moysis
1697 3162 1864 3204 tamen
1896 3152 2148 3218 exemplo,
2191 3151 2274 3217 qui

320 3243 570 3293 interdum
608 3241 908 3292 ascendebat
945 3243 1006 3292 ad
1045 3249 1292 3302 montem,
1343 3249 1398 3292 ut
1435 3240 1642 3306 gloriam
1682 3239 1880 3290 Domini
1931 3253 2045 3288 cum
2097 3234 2274 3301 majori

322 3333 550 3377 cerneret
580 3327 828 3388 libertate;
870 3327 1117 3378 interdum
1149 3343 1263 3376 vero
1297 3325 1630 3376 descendebat
1667 3324 1728 3374 ad
1767 3330 1953 3383 castra,
2004 3328 2060 3372 ut
2099 3317 2273 3386 populi

325 3412 704 3462 necessitatibus
754 3412 1061 3474 subveniret3
1121 3419 1355 3477 tanquam
1417 3409 1823 3474 contemplativae
1873 3407 1998 3457 vitae
2044 3403 2276 3455 imitative

327 3496 514 3560 pariter
563 3503 611 3544 et
658 3496 811 3546 active
864 3497 1051 3547 studuit
1098 3503 1148 3547 et
1193 3496 1368 3547 divinis
1408 3494 1694 3546 ministeriis
1741 3491 1974 3545 insudare
2022 3495 2072 3539 et
2108 3488 2276 3554 Regiis
