2358 3874
259 222 380 277 146

254 357 444 420 redux
488 356 546 418 in
595 352 948 439 colligendis
991 349 1426 413 constituendis
1471 373 1545 412 ue
1589 349 1769 434 hujus
1815 347 2085 433 reliquiis
2133 362 2193 411 et

294 464 426 504 uem
468 441 717 515 ferrum,
770 438 989 512 fameS,
1022 435 1213 521 pestis
1259 457 1332 496 ue
1372 446 1431 495 et
1485 455 1731 518 uporum
1764 432 2076 495 multitudo
2104 430 2193 494 in-

252 465 571 601 duxerunt,
605 523 906 609 squallore
938 456 1329 604 detergenffiQ
1361 516 1697 604 prudentia,
1730 517 2056 595 industria,
2097 539 2192 578 as-

247 610 655 695 siduitateque
690 619 879 670 semet
909 603 1185 692 praebuit
1221 603 1535 689 singulari.

1146 808 1295 884 §a

346 965 425 1013 De
473 961 783 1013 veteribus
829 967 1130 1010 terrarum
1179 956 1658 1022 possessoribus
1703 954 2099 1020 investigari,

425 1121 493 1184 ld
525 1125 727 1206 itaque
773 1119 1045 1205 inprimis
1079 1116 1240 1179 dedit
1272 1138 1532 1212 operam,
1567 1138 1640 1177 ne
1672 1114 1744 1178 de
1765 1112 2008 1199 juribus
2040 1113 2193 1199 legi-

252 1208 527 1270 timorum
559 1217 736 1267 antea
765 1215 1191 1289 possessorum
1223 1200 1541 1296 quidquam
1572 1210 1924 1262 mutaretur.
1962 1202 2193 1260 Horum

254 1292 408 1355 enim
441 1290 642 1352 multis
676 1312 711 1351 a
742 1287 929 1374 stirpe
962 1285 1204 1362 excisis,
1238 1285 1441 1347 multis
1473 1285 1533 1346 in
1566 1285 1791 1360 saltus,
1823 1283 2196 1370 abruptaque

250 1375 536 1438 montium
570 1397 637 1436 se
667 1371 1115 1473 recipientibuS,
1149 1381 1252 1433 aut
1283 1369 1398 1433 alio
1431 1369 1549 1432 dila
1593 1370 1710 1445 siS,
1745 1368 2020 1453 avitaque
2052 1389 2197 1430 arva

250 1459 483 1522 tardius
514 1459 946 1545 repetentibus,
980 1455 1079 1518 alii
1111 1478 1242 1517 cum
1286 1453 1506 1540 injuria
1545 1392 1756 1517 iiorum
1799 1463 1902 1515 aut
1931 1454 2095 1514 Fisci
2135 1451 2195 1513 in

254 1567 444 1607 vacua
474 1555 786 1606 venerunt.
832 1546 911 1604 Et
941 1544 1071 1604 Rex
1103 1539 1358 1624 quidem,
1393 1539 1446 1600 si
1479 1539 1618 1624 quid
1656 1551 1954 1602 terrarum
1985 1536 2194 1622 hujus-

256 1629 413 1692 modi
459 1627 778 1691 donatione
823 1625 1101 1700 contulit,
1137 1627 1242 1709 jus
1288 1624 1613 1710 primorum
1644 1628 2068 1709 possessorum
2112 1620 2196 1683 di-

254 1726 416 1776 serte
447 1713 678 1774 salvum
709 1711 912 1774 voluit.
961 1709 1248 1772 Clausula
1285 1712 1488 1793 itaque
1519 1709 1828 1770 literarum
1870 1729 2054 1793 super
2095 1705 2196 1768 do-

252 1797 595 1861 nationibus
626 1795 815 1881 regiis
857 1794 1074 1871 „salvo
1095 1795 1236 1890 jure
1268 1793 1503 1856 alieno“
1537 1815 1687 1878 quae
1721 1790 2012 1888 hodieque
2045 1789 2197 1853 obti-

251 1895 372 1958 net,
405 1882 588 1943 Belae
620 1903 788 1942 suam
823 1879 999 1942 debet
1030 1879 1343 1962 originem.
1399 1877 1564 1941 Idem
1610 1900 1686 1940 ex
1726 1875 1977 1939 consilio
2019 1875 2197 1960 regni

251 1965 575 2051 delegatiS,
626 1966 724 2050 qui
770 1964 1005 2049 iniquas
1041 1966 1465 2049 occupationes
1502 1963 1560 2024 in
1595 1960 2195 2046 CongregatIonibus

253 2051 654 2131 Comitatuum
688 2049 801 2111 hoc
829 2047 1071 2109 indictis
1102 2047 1223 2110 fine
1254 2059 1696 2132 cognoscerent
1731 2053 1799 2125 1),
1842 2069 2026 2132 super
2045 2045 2196 2131 juri-

253 2137 368 2198 bus
400 2134 632 2220 quidem
663 2137 779 2196 rite
810 2132 1039 2196 edoctis
1071 2132 1372 2194 solemnes
1404 2130 1586 2194 edidit
1615 2131 1842 2207 literas,
1875 2152 2028 2216 quae
2050 2154 2195 2194 vero

253 2233 607 2295 castrorum,
640 2231 742 2281 aut
772 2217 929 2303 regii
959 2216 1150 2279 fuisse
1179 2215 1345 2278 Fisci
1377 2228 1742 2313 compertum
1775 2226 1891 2291 est,
1924 2237 2040 2277 suo
2073 2214 2192 2278 dis-

251 2305 558 2391 pensanda
596 2302 820 2390 judicio
865 2300 1141 2377 retinuit,
1167 2300 1280 2364 hoc
1310 2301 1542 2387 negotii
1573 2322 1798 2386 genere
1822 2298 1979 2387 apud
1999 2301 2195 2362 Tran-

253 2391 541 2475 sylvanos
573 2387 905 2451 Laurentio
935 2385 1252 2471 Vajvodae
1284 2386 1604 2449 commisso
1630 2393 1699 2466 2).
1732 2396 1739 2401 ’

432 2629 475 2687 1)
508 2625 632 2675 Cod.
666 2625 794 2689 Dipl.
827 2624 905 2673 Vl.
939 2639 991 2688 p.
1027 2620 1170 2673 292.
1202 2622 1325 2687 Pray
1355 2623 1416 2672 H.
1444 2622 1503 2671 R.
1526 2621 1586 2671 H.
1622 2636 1673 2686 p.
1710 2618 1830 2670 250
1866 2635 2019 2685 super
2046 2619 2193 2669 terris

252 2712 398 2760 castri
432 2712 491 2760 de
523 2710 656 2758 Bana
687 2716 735 2758 et
765 2708 1054 2758 revocandis
1086 2707 1423 2758 castrensibus
1455 2722 1515 2755 ex
1545 2705 1748 2770 speciali
1779 2705 1929 2770 Regis
1960 2704 2192 2754 mandato

251 2796 533 2844 Vincentius
565 2794 660 2857 Ep.
694 2794 817 2844 Nitr.
846 2793 1051 2858 judicat.
1084 2793 1185 2842 VII.
1219 2809 1264 2842 v,
1301 2790 1357 2852 2,
1392 2807 1443 2855 p.
1479 2786 1620 2840 307.

429 2895 477 2952 2)
510 2892 634 2941 Cod.
669 2893 797 2956 Dipl.
833 2893 885 2942 V.
920 2908 969 2955 p.
1007 2890 1150 2941 272.

1122 3082 1165 3159 ς
1213 3085 1316 3143 ιο.

454 3236 791 3301 horumque
837 3249 1026 3285 novos
1071 3237 1349 3300 apparari
1396 3234 1630 3284 indices
1675 3239 1997 3298 procurat3

423 3394 861 3480 Disquisitione
904 3397 1129 3481 jurium
1182 3406 1462 3481 peracta,
1526 3396 1708 3479 jussu
1741 3390 1925 3454 Belae
1964 3388 2190 3452 indices

253 3478 507 3539 omnium
537 3481 797 3540 locorum
831 3501 1227 3563 verorumque
1258 3489 1318 3539 et
1348 3479 1631 3542 nobilium
1669 3477 1923 3540 filiorum
1958 3473 2188 3538 Johha-
