2358 3874
2028 214 2074 266 'V

142 358 338 409 porum
376 342 613 394 indebite
659 359 762 411 per
801 344 1112 412 quempiam
1153 345 1542 412 perturbetur,
1581 345 1812 413 proinde
1852 350 1921 399 ad
1961 348 2076 399 uni-

139 445 429 481 versorum
479 429 726 482 notitiam
765 430 1018 482 volumus
1070 431 1395 498 pervenire,
1452 433 1600 500 quod
1639 431 1884 485 Thomas
1931 432 2078 486 filius

141 516 376 578 Ombud,
416 515 602 568 Gutha
640 515 866 586 heyder,
906 515 1138 587 Condja,
1177 518 1410 582 Demen,
1450 519 1698 588 Zoyzlou
1741 529 1795 572 et
1834 519 2080 574 Thomas

140 602 284 654 filius
324 602 538 655 Milvan
591 606 658 656 de
697 604 829 657 villa
868 603 1097 658 Karcha
1145 608 1216 658 ad
1254 615 1506 658 nostram
1546 609 1864 660 accedendo
1913 625 2080 677 prae-

140 689 374 741 sentiam
415 691 731 743 obtulerunt
768 692 926 743 nobis
974 691 1169 744 literas
1207 692 1445 745 fidelium
1489 704 1808 747 nostrorum
1844 712 2079 749 venera-

139 775 261 829 bilis
302 777 487 830 Patris
525 778 800 830 Vincentii
839 779 1108 847 Episcopi
1145 780 1438 832 Nitriensis
1479 789 1534 832 et
1564 781 1805 834 Rolandi
1841 782 2079 836 Palatini

141 863 367 917 Comitis
407 866 768 917 Posoniensis
807 867 912 918 sub
952 867 1214 934 pendenti
1253 867 1438 938 sigillo
1477 868 1626 921 hunc
1664 878 1911 922 tenorem
1949 888 2079 923 con-

141 953 395 1005 tinentes.
435 953 725 1005 Rolandus
764 953 1052 1006 Palatinus
1092 962 1145 1005 et
1186 953 1389 1006 Comes
1423 955 1800 1008 Posoniensis·
1840 957 2079 1010 Vincen-

144 1040 251 1092 tius
290 1040 398 1092 Dei
436 1041 620 1111 gratia
658 1041 978 1110 Episcopus
1014 1041 1310 1094 Nitriensis
1349 1043 1602 1095 omnibus
1647 1053 1980 1111 praesentes
2019 1044 2081 1096 li-

143 1138 296 1180 teras
335 1129 669 1198 inspecturis
719 1129 953 1182 salutem
992 1130 1047 1182 in
1087 1130 1326 1183 omnium
1376 1129 1682 1183 salvatore.
1724 1129 1828 1205 Ad
1864 1131 2083 1183 univer-

141 1233 331 1269 sorum
369 1217 616 1268 notitiam
664 1217 920 1270 volumus
958 1218 1287 1286 pervenire,
1343 1220 1489 1288 quod
1546 1236 1670 1270 cum
1723 1235 1795 1272 ex
1850 1218 2084 1287 speciali

141 1303 409 1357 Mandato
449 1304 670 1357 Domini
709 1304 883 1357 Belae
922 1304 1163 1375 illustris>
1194 1305 1372 1376 Regis
1411 1305 1735 1376 Hungariae
1786 1323 1958 1375 super
1992 1307 2082 1375 ju-

143 1394 395 1445 dicandis
435 1393 601 1445 terris
641 1393 812 1445 castri
851 1393 1211 1445 Posoniensis
1247 1402 1306 1445 et
1345 1394 1677 1446 revocandis
1705 1394 2085 1446 castrensibus

141 1481 212 1532 ab
254 1481 448 1532 eodem
487 1489 677 1532 castro
718 1481 988 1548 dispersis
1018 1480 1246 1533 Judices
1287 1481 1568 1533 constituti
1605 1481 1906 1534 fuissemus
1943 1481 2088 1533 inter

143 1577 331 1620 cetera
382 1567 650 1620 Nicolaus
702 1567 850 1619 filius
889 1567 1051 1636 Opuz
1093 1567 1271 1620 Bolch
1323 1567 1466 1620 filius
1507 1567 1790 1632 Mathiae,
1829 1567 2088 1621 Andreas

143 1655 288 1708 filius
326 1656 577 1708 Farcasii
619 1672 689 1708 ac
726 1655 820 1708 alii
858 1655 1202 1726 Jobagiones
1241 1656 1414 1708 castri
1452 1655 1813 1708 Posoniensis
1850 1658 1893 1724 ¹)
1941 1654 2087 1707 Tho—

144 1759 291 1795 mam
330 1742 500 1795 filium
539 1743 773 1807 Ombud,
815 1742 1059 1807 Guthan,
1101 1742 1399 1807 Condram,
1429 1743 1664 1806 Demen,
1700 1741 2005 1810 Zoyzlaum
2033 1751 2090 1794 et

149 1829 420 1883 Thomam
458 1830 625 1883 filium
665 1830 876 1883 Milvan
929 1847 1000 1882 ac
1036 1829 1266 1898 Heydur
1303 1829 1447 1881 filios
1486 1828 1857 1899 Jobagionum
1897 1827 2092 1881 Sancti

148 1917 329 1987 Regis
369 1919 436 1970 de
475 1917 611 1971 villa
647 1917 875 1970 Karcha
924 1917 979 1969 in
1018 1925 1212 1969 nostra
1254 1925 1630 1970 convenerunt
1673 1916 1998 1985 praesentia
2038 1924 2093 1968 et

147 2006 562 2073 proponebant,
602 2007 746 2075 quod
788 2022 912 2058 cum
950 2004 1220 2056 Dominus
1258 2004 1386 2056 Rex
1424 2012 1677 2072 tempore
1716 2003 2090 2057 revocationis

148 2093 580 2160 perpetuitatum
636 2093 818 2145 omnia
861 2092 993 2162 jura
1043 2100 1096 2143 et
1135 2100 1339 2161 statum
1380 2090 1554 2143 castri
1594 2090 1952 2142 Posoniensis
2001 2108 2088 2142 or·

149 2180 427 2245 dinasset,
468 2180 843 2250 personaliter
882 2188 935 2231 et
974 2187 1334 2242 renovasset,
1380 2179 1603 2231 nomina
1643 2177 1882 2229 omnium
1921 2177 2087 2230 Joba-

149 2267 375 2336 gionum
400 2270 451 2335 2)
502 2285 571 2320 ac
609 2267 843 2320 aliorum
884 2268 1264 2336 cujuscunque
1312 2265 1640 2317 conditionis
1689 2263 1970 2316 hominum
2018 2265 2091 2317 ad

151 2354 204 2405 id
245 2363 490 2405 castrum
533 2355 920 2423 pertinentium
960 2355 1013 2407 in
1053 2362 1303 2406 tenorem
1340 2353 1582 2423 regestri
1630 2351 1843 2422 regalis
1869 2354 1918 2422 3)
1964 2369 2094 2404 con-

152 2440 424 2493 cludendo
476 2443 640 2494 iidem
677 2442 927 2494 homines
969 2444 1035 2494 de
1073 2441 1304 2494 Karcha
1352 2440 1753 2493 remansissent
1805 2439 2020 2491 exclusi
2058 2455 2094 2490 a

144 2538 430 2598 'regestrm
502 2530 590 2582 Ad
642 2529 784 2581 haec
832 2529 1097 2582 nominati
1149 2528 1402 2581 homines
1449 2529 1893 2595 respondebant,
1949 2528 2094 2595 quod

153 2615 280 2667 licet
315 2617 539 2669 nomina
565 2617 815 2685 ipsorum
846 2625 1165 2687 regestrum
1193 2616 1391 2686 regale
1424 2632 1533 2667 non
1563 2615 1890 2677 contineret,
1911 2622 2096 2665 tamen

154 2720 191 2754 a
230 2703 410 2771 prima
449 2705 662 2775 origine
700 2704 950 2772 ipsorum
989 2720 1215 2771 semper
1252 2701 1506 2764 fuissent,
1548 2710 1602 2753 et
1631 2709 1819 2754 essent
1852 2700 1972 2752 veri
2003 2699 2098 2751 filii

155 2789 524 2861 Jobagionum
567 2791 757 2844 Sancti
796 2791 975 2861 Regis
1005 2792 1073 2858 4).
1128 2791 1212 2841 Ad
1251 2789 1360 2841 hoc
1401 2797 1455 2840 et
1494 2790 1640 2857 quod
1691 2788 1809 2839 sine
1836 2786 2097 2854 *strepitu

153 2878 348 2947 judicii
386 2879 618 2932 libertas
657 2881 905 2948 ipsorum
946 2895 1056 2930 non
1098 2885 1368 2948 gravetur
1405 2877 1458 2928 in
1497 2875 1714 2945 aliquo,
1753 2875 1944 2926 literas
1982 2873 2096 2925 Do-

159 2965 289 3016 mini
326 2964 504 3036 Regis
541 2974 797 3035 patentes
835 2965 996 3019 nobis
1037 2964 1404 3017 exhibuerunt
1441 2965 1544 3016 sub
1583 2962 1693 3014 hac
1733 2967 1926 3014 forma.
1983 2960 2103 3012 Nos

320 3202 360 3261 ¹)
384 3202 695 3320 {o5bbagiones
723 3205 857 3250 isthic
883 3218 965 3264 pro
989 3205 1251 3263 Magistratu
1277 3203 1566 3263 accipiuntur
1591 3201 1858 3253 ComitatuS,
1889 3205 1939 3244 ut
1965 3212 2100 3258 supra

163 3276 194 3320 l.
226 3275 299 3320 111.
330 3275 356 3333 §
462 3308 472 3318 .

316 3347 362 3406 2)
392 3347 644 3401 Melior-um,
673 3348 908 3393 Meliorum
938 3354 1089 3393 terrae
1116 3346 1147 3391 1.
1177 3346 1254 3393 111.
1281 3346 1308 3404 S
1334 3341 1422 3391 28.

321 3418 367 3478 3)
396 3419 491 3465 Lib.
522 3420 590 3465 lx.
619 3419 646 3478 ς
677 3416 760 3465 10.

324 3492 369 3549 ³1)
397 3491 496 3540 Lib.
525 3493 598 3538 111.
627 3491 654 3551 §
681 3488 771 3538 29.
