2358 3874
1958 222 2080 281 155

996 370 1058 445 ,ς
1107 372 1204 429 19.

144 534 340 585 quam,
389 533 504 583 quo
540 518 897 568 Comitatum
943 518 1405 568 Breberiensem
1446 518 1751 569 Subicsiis
1798 517 2082 568 contule-

143 611 262 661 rat,
320 602 638 668 privilegio
694 603 982 652 adnexam
1037 618 1277 668 quoque
1330 602 1767 669 obligationem
1820 602 2080 652 militiae

930 687 1285 751 descripsit.

295 843 399 906 Ad
428 843 583 907 hunc
612 843 712 906 ille
741 842 977 906 modum
1009 843 1307 906 Subicsiis
1333 845 1692 908 Comitatum
1721 843 2097 908 Breberien-'

139 951 266 992 sem
341 927 623 1004 contulit,
689 927 999 1013 tenuitque
1047 926 1202 989 hanc
1250 928 1740 992 consuetudinem
1787 952 1959 991 suam
2016 927 2078 990 in

140 1013 417 1075 omnibus
447 1013 572 1076 fere
602 1011 968 1098 privilegiiS,
1004 1011 1221 1098 quibus
1253 1013 1486 1098 aliquos
1528 1013 1798 1099 ampliori
1831 1011 2079 1098 quodam

137 1096 516 1162 liberalitatis
556 1095 788 1182 Regiae
818 1119 1062 1161 munere
1100 1095 1343 1160 donavit
1372 1104 1435 1177 ¹).
1760 1097 1763 1099 ’

325 1294 372 1364 1)
404 1296 475 1346 Ita
513 1302 696 1345 terram
734 1295 852 1345 Bew
882 1295 1020 1360 juxta
1059 1296 1282 1361 Tyciam,
1327 1311 1452 1361 quae
1495 1303 1636 1346 antea
1676 1312 1768 1361 per
1806 1296 2081 1345 Saracenos

139 1379 511 1445 possidebatur,
549 1386 665 1444 post
694 1395 947 1430 recessum
980 1381 1271 1430 Tatarorum
1312 1396 1358 1430 a.
1399 1379 1559 1431 1257
1602 1381 1748 1431 Petro
1787 1387 1838 1430 et
1873 1380 1980 1430 aliis
2019 1379 2081 1429 de

140 1478 319 1528 genere
339 1464 480 1523 Hem,
515 1463 663 1513 Paulo
694 1464 811 1516 item
845 1471 894 1514 et
924 1464 1146 1528 cognatis
1177 1464 1326 1530 hujus
1358 1466 1418 1514 de
1449 1481 1631 1530 genere
1661 1465 1836 1515 Pettho
1869 1465 2078 1522 confert,

136 1555 192 1598 ut
220 1548 410 1598 ratione
442 1547 663 1612 ejusdem
694 1554 873 1607 terrae,
900 1555 1219 1614 quotcunque
1251 1556 1384 1611 sunt,
1420 1550 1480 1599 ad
1512 1550 1781 1600 exercitum
1807 1564 1953 1599 suum
1987 1547 2079 1597 de-

90 1624 105 1635 ²
141 1639 312 1682 center
341 1633 514 1682 armati
546 1632 756 1682 debeant
784 1633 1051 1700 proficisci.
1085 1633 1162 1684 IV.
1199 1631 1255 1683 2.
1289 1650 1340 1699 p.
1376 1628 1520 1684 424.

1020 1826 1063 1901 g
1107 1828 1208 1885 20.

140 1975 327 2040 Atque
382 1975 451 2025 ad
495 1975 608 2025 hoc
671 1975 993 2028 consilium
1060 1991 1233 2025 suum
1295 1975 1712 2026 accomodavit
1772 1976 1822 2025 is
1868 1990 2079 2025 munus

184 2075 420 2129 quoque
466 2060 718 2110 militiae
763 2076 870 2125 per
912 2059 1078 2110 filios
1122 2059 1571 2124 Jobbagionum
1617 2061 1685 2110 de
1731 2060 2036 2118 ThurocZ,

312 2220 454 2280 Non
500 2217 873 2281 multitudine
908 2216 1231 2304 copiarum,
1268 2217 1377 2280 sed
1402 2221 1573 2303 justo
1611 2240 1798 2302 eoque
1837 2222 1876 2279 a
1905 2215 2081 2278 disci-

142 2301 303 2388 plina
337 2315 398 2366 et
448 2315 752 2365 armatura
801 2303 954 2365 bene
999 2302 1318 2378 instructo,
1368 2301 1504 2364 dum
1539 2302 1740 2387 itaque
1790 2325 1941 2363 usus
1977 2324 2081 2387 po-

142 2385 275 2461 scit,
315 2399 523 2473 parato
554 2387 740 2450 milite
778 2391 939 2449 vires
970 2386 1111 2449 belli
1157 2386 1478 2461 contineri,
1532 2386 1900 2472 experientia
1947 2407 2083 2448 eum

150 2469 380 2544 docuit3
431 2470 504 2533 de
545 2471 685 2533 filii-s
733 2472 935 2557 itaque
968 2470 1419 2556 Jobbagionum
1458 2471 1530 2534 de
1569 2470 1888 2547 Thurocz,
1927 2468 2084 2555 quod

145 2554 409 2617 debitum
458 2567 519 2617 et
555 2569 901 2618 consuetum
949 2578 1259 2618 numerum
1304 2569 1723 2631 excesserant,
1771 2555 2083 2638 officiaque

144 2638 444 2702 libertatis
489 2637 774 2702 exhibere
824 2639 1125 2703 commode
1179 2663 1296 2705 non
1337 2640 1648 2717 valebant,
1706 2662 1860 2702 anno
1913 2643 2082 2699 1255

143 2722 434 2800 decrevit,
494 2736 560 2785 ut
606 2723 830 2808 sing-uli
877 2747 988 2787 sex
1022 2724 1127 2786 filii
1175 2724 1624 2808 Jobbagionum
1700 2724 2081 2787 loricatum

145 2832 348 2872 unum
395 2809 470 2872 ad
500 2808 826 2872 exercitum
857 2808 1092 2895 regium
1124 2808 1429 2873 destinare
1471 2808 1742 2872 debeant.

1015 3013 1058 3088 §
1103 3015 1203 3071 21.

208 3168 263 3210 et
307 3159 718 3223 Jobbagiones
765 3163 1004 3227 equites
1049 3162 1411 3213 monasterii
1459 3161 1527 3211 de
1573 3162 1800 3224 Tihany
1845 3173 2027 3223 prae-

412 3261 416 3263 *
975 3246 1254 3304 standae‚
1400 3246 1410 3255 “

319 3402 484 3465 Idem
528 3402 807 3486 „Regiae
855 3402 967 3465 hoc
1015 3424 1152 3465 esse
1211 3400 1595 3465 sublimitatis
1647 3400 1902 3463 officium
1954 3422 2086 3484 pro-

152 3486 370 3564 fessuS,
407 3498 471 3549 ut
507 3498 706 3549 status
753 3508 996 3549 suorum
1030 3484 1403 3549 subditorum
1433 3484 1636 3548 taliter
1674 3483 1934 3561 ordinet,
1971 3506 2087 3568 quo
