2358 3874
2000 210 2117 265 181

178 346 273 406 nis
316 346 471 407 inter
498 342 758 406 Nobiles
790 345 1092 407 Cumanos
1112 392 1127 420 ,
1171 343 1372 406 Judex
1412 347 1542 430 ejus
1573 346 2016 430 generationis,
2049 346 2121 408 de

183 453 298 515 qua
327 450 468 491 reus
500 426 710 503 fuerit,
745 425 995 491 dirimat.
1043 427 1113 490 Si
1158 451 1297 490 vero
1331 429 1405 490 ab
1447 428 1748 492 sententia
1776 426 1954 514 hujus
1986 453 2121 515 pro-

179 512 406 575 vocatio
454 511 657 586 fieret,
716 513 847 574 Rex
892 525 1213 598 praesente
1260 512 1476 576 Judice
1524 511 1937 598 generationis
1990 535 2121 574 eam

179 607 525 681 cognoscat.
572 593 804 681 Capitis
838 595 1152 658 damnatus
1184 597 1257 659 ad
1289 600 1519 683 Regem
1551 597 1605 659 si
1636 597 2003 681 confugerit,
2036 595 2119 657 vi-

175 679 540 765 taequidem
571 679 828 763 gratiam
860 679 1097 756 habeat,
1131 679 1248 743 sed
1269 682 1479 766 pulsus
1510 704 1702 767 regno
1736 682 1953 745 exulet.
1999 683 2121 744 De-

176 764 234 826 ni
279 780 353 827 ue
383 764 626 827 Domini
676 763 747 825 de
786 766 1076 840 ⁴Cumanis
1131 777 1190 828 et
1234 765 1492 828 Nobiles
1535 769 1937 829 Cumanorum
1982 788 2121 839 una,

179 786 502 933 eademque
534 871 666 909 cum
697 848 871 932 regni
901 848 1227 912 Nobilibus
1268 849 1544 913 fruantur
1585 851 1893 924 libertate3
1941 873 2124 935 super

183 957 288 996 eos
349 934 551 1018 itaque
611 944 670 994 et
719 932 969 1017 populos
1000 955 1232 1009 eorum,
1275 934 1533 997 violenta
1573 957 1683 996 nec
1723 958 1830 1020 per
1873 938 2123 1018 Regem,

178 1041 289 1081 nec
318 1041 425 1104 per
470 1015 620 1079 alios
667 1016 796 1078 fieri
841 1015 1155 1080 descensio
1205 1017 1415 1103 possit.

1090 1307 1233 1381 §a

1063 1455 1242 1504 item

350 1613 626 1676 Aderant
656 1612 930 1676 Comitiis
962 1611 1058 1673 his
1090 1612 1267 1675 etiam
1299 1614 1572 1689 Cumani,
1606 1613 1814 1697 sicque
1845 1613 1903 1673 in
1936 1612 2126 1674 socie-

181 1710 366 1760 tatem
383 1697 548 1793 juris
580 1696 896 1782 hungarici
936 1696 1180 1772 adlecti,
1225 1717 1375 1781 quae
1420 1696 1662 1793 legatus
1694 1696 2009 1760 Pontificis
2053 1696 2126 1758 de

181 1782 432 1868 captiws
464 1780 827 1844 Christianis
858 1779 1123 1843 libertati
1155 1779 1571 1856 restituendis,
1606 1779 1911 1844 struendis
1943 1780 2127 1843 domi-

180 1866 294 1928 bus
327 1867 457 1928 solo
488 1865 624 1928 fixis
658 1878 717 1928 et
748 1865 1018 1928 doctrina
1048 1862 1304 1941 Christi,
1345 1887 1478 1926 cum
1509 1887 1685 1927 sacro
1717 1865 1921 1940 latice,
1963 1865 2124 1926 nullo

181 1950 397 2013 aetatis
430 1962 534 2013 aut
565 1972 749 2011 sexus
783 1949 1143 2023 discrimine,
1176 1972 1285 2034 per
1315 1962 1562 2012 cunctos
1593 1949 1934 2035 recipienda
1957 1971 2126 2010 urse-

182 2047 305 2110 rat,
338 2035 534 2098 omnia
565 2057 632 2096 se
663 2034 947 2110 libenter,
989 2033 1336 2119 prolixeque
1366 2033 1634 2096 facturos
1664 2033 1913 2119 polliciti
1950 2045 2123 2105 sunt;

182 2118 355 2182 modo
387 2141 460 2181 ne
483 2118 813 2205 jubeantur
842 2118 1054 2181 radere
1085 2117 1363 2194 barbam,
1397 2117 1710 2181 abreviare
1745 2141 1813 2180 ca
1857 2118 2025 2192 illos,
2065 2130 2126 2178 et

181 2203 494 2267 adsuetum
535 2203 804 2288 corporis
844 2215 1076 2265 mutare
1117 2203 1356 2264 cultum.
1401 2202 1660 2287 Fuitque
1698 2142 2023 2265 Latiislaus
2063 2201 2125 2262 in

183 2311 254 2350 eo
285 2301 478 2364 totUS,
519 2287 632 2349 hac
670 2300 738 2349 ut
767 2299 938 2372 parte
978 2287 1219 2371 legatus
1252 2285 1614 2349 exorabilem
1659 2309 1727 2349 se
1766 2297 2126 2371 praestaret.

183 2371 357 2449 Quod
389 2395 521 2434 cum
554 2371 882 2446 effecisset,
926 2394 996 2432 ac
1026 2383 1270 2456 gentem
1311 2370 1549 2455 utrique
1598 2382 1854 2432 amatam
1891 2369 2128 2456 parenti

185 2480 323 2531 suo,
367 2456 439 2518 de
478 2479 545 2517 se
584 2478 726 2517 vero
771 2478 1070 2540 nunquam
1121 2479 1240 2518 non
1282 2454 1532 2539 egregie
1575 2454 1846 2518 meritam
1890 2455 2127 2540 placere

186 2540 300 2602 sibi
342 2539 560 2602 amictu
592 2541 769 2602 etiam
800 2551 1157 2616 testaretur,
1191 2562 1226 2602 a
1257 2540 1441 2624 vulgo
1473 2539 1762 2609 Cumani
1794 2561 2127 2623 cognomen

185 2637 310 2688 tum
341 2624 493 2687 tulit.

1068 2828 1110 2902 ,ς
1159 2831 1253 2886 1⁰.

955 2978 1357 3028 animosum

336 3132 535 3208 Quod
565 3135 618 3194 si
649 3133 886 3196 laudum
917 3138 1046 3220 ejus
1070 3134 1341 3197 umbram
1371 3133 1808 3218 interpretaris,
1841 3131 1988 3192 sacis
2019 3129 2133 3191 hoc

197 3240 289 3279 me
323 3240 440 3278 non
486 3229 827 3290 recusante3
877 3219 944 3280 fit
974 3241 1223 3302 namque
1253 3240 1362 3301 per
1392 3217 1660 3278 umbram
1693 3216 1876 3289 hanc,
1927 3226 1993 3286 ut
2032 3213 2132 3274 illa

193 3324 325 3362 cum
371 3301 641 3363 Oltmaro
681 3302 963 3387 Principe
1003 3303 1405 3363 Cumanorum
1436 3300 1685 3361 Alutam
1723 3297 2134 3374 accolentium,

192 3385 594 3470 Cumanisque
625 3385 951 3470 hungaris,
1008 3384 1080 3447 ad
1125 3407 1259 3447 eum
1296 3383 1780 3467 Transylvaniae
1830 3381 2134 3468 imminen-
