2280 3918
299 229 339 284 6

300 371 399 456 gis
425 371 702 456 deinceps
729 368 1016 444 incubuit,
1062 377 1128 428 ut
1156 363 1453 430 civitatem
1485 367 1868 454 relinqueret,
1912 394 2027 434 non
2056 373 2228 437 modo

301 457 452 520 bene
491 454 909 531 constitutam,
958 451 1064 516 sed
1099 465 1382 515 moratam
1415 466 1647 539 quoque
1694 455 1938 542 optime,
1985 469 2044 521 et
2074 459 2227 522 viro-

300 566 430 605 rum
462 541 684 629 probae
702 542 1024 627 justaeque
1067 538 1428 601 conscientia
1462 539 1756 602 libertatis
1796 541 2034 604 fortium
2062 544 2229 630 copia

300 629 682 715 locupletem,
732 649 882 723 quae
912 648 1023 686 sua
1054 646 1120 686 se
1146 623 1367 687 virtute
1395 636 1600 687 contra
1630 625 1908 713 impetum
1939 651 2230 716 quemque

299 727 590 778 tueretur.
658 710 812 787 Quid
859 721 1263 796 consequutus
1314 709 1435 785 sit,
1499 710 1852 774 brevissima
1889 714 1963 778 ad
2009 738 2228 801 cogno-

302 799 583 863 scendum
625 797 721 859 via
757 808 1114 883 conspectus
1155 795 1460 881 sequentis
1498 796 1571 859 ab
1609 797 1770 860 obitu
1809 801 1937 884 ejus
1974 801 2227 864 octennii

302 886 476 948 ducit.
544 882 745 948 Medio
786 894 1052 970 tempore
1084 880 1195 944 hoc
1230 904 1336 969 per
1373 884 1655 959 Petrum,
1713 907 1849 947 mox
1891 887 2229 951 Samuelem

299 971 500 1035 Abam
544 983 605 1033 et
647 972 895 1031 Petrum
936 990 1152 1030 rursus
1189 979 1540 1053 regnatum,
1609 993 1717 1032 seu
1757 969 1955 1057 potius
2001 995 2231 1036 summa

300 1057 478 1121 animi
537 1053 941 1119 moderatione
967 1102 983 1129 ,
1055 1052 1483 1140 prudentiaque
1550 1053 1841 1143 Stephani
1900 1058 2228 1144 composita

233 1149 236 1154 ’
297 1141 649 1207 Monarchia
681 1139 929 1203 alternis
968 1137 1227 1201 absoluti
1266 1139 1524 1226 imperii,
1572 1141 2023 1230 inconditaeque
2054 1143 2229 1208 liber-

298 1230 444 1293 tatis
488 1233 645 1291 inter
688 1230 936 1288 Petrum
968 1224 1394 1311 ministrosque
1438 1225 1807 1312 alienigenas
1842 1229 2103 1315 passim,
2161 1254 2231 1293 ac

298 1320 628 1400 Hungaros
675 1310 943 1374 irritatos
983 1309 1191 1374 collisa
1235 1310 1432 1387 malis,
1479 1312 1781 1399 rebusque
1825 1312 1899 1377 ad
1936 1338 2229 1379 summum

300 1399 574 1468 adductis
608 1396 954 1473 discrimen,
998 1395 1035 1458 ii
1076 1395 1279 1474 etiam,
1328 1396 1426 1483 qui
1459 1397 1682 1461 monita
1706 1398 1758 1461 d.
1801 1401 1989 1487 Regis
2026 1424 2226 1488 asper-

300 1487 598 1551 nabantur
627 1482 1014 1570 aliquamdiu,
1055 1482 1405 1570 sapientiam
1443 1482 1648 1547 horum
1694 1508 1912 1571 magna
1957 1487 2227 1552 mercede

299 1571 492 1638 edocti
526 1583 683 1634 sunt.
745 1572 892 1632 Rem
919 1591 1027 1656 per
1057 1591 1289 1631 summa
1316 1569 1511 1656 capita
1549 1566 1870 1658 expediam,

1189 1774 1330 1851 §2

379 1945 435 1993 in
482 1958 593 2009 quo
638 1939 853 1990 Petrus
898 1936 1291 2004 peregrinum
1338 1950 1735 1986 convenarum
1783 1933 2137 2002 (Teutonici

742 2024 912 2089 vulgo
959 2023 1346 2083 dicebantur)
1393 2021 1784 2081 elementum,

470 2190 719 2251 Petrum
760 2184 1106 2272 Stephanus
1163 2206 1237 2246 ex
1282 2205 1491 2246 sorore
1545 2205 1655 2256 sua
1704 2183 1970 2268 Gyzela,
2040 2186 2227 2247 Patre

296 2277 522 2340 Ottone
567 2271 863 2337 Vilhelmo
912 2268 1301 2356 Burgundiae
1346 2268 1577 2332 Comite
1622 2272 1917 2354 genitum,
1962 2276 2008 2349 1)
2062 2282 2226 2333 ante-

298 2383 473 2448 quam
513 2358 935 2424 mortalitatem
965 2357 1258 2442 expleret,
1305 2353 1617 2418 accersitis
1654 2353 1969 2442 Episcopis
2005 2367 2064 2419 et
2091 2355 2226 2418 Pri—

295 2446 563 2510 moribus
589 2443 826 2522 Palatii,
865 2441 1144 2509 secundis
1177 2439 1386 2504 horum
1413 2439 1781 2526 sufragiis,2)
1827 2443 2056 2527 Regem
2089 2464 2223 2504 con-

296 2533 509 2597 stituit.
544 2533 662 2595 Hic
686 2531 859 2607 enim,
896 2552 1047 2616 quae
1073 2539 1288 2590 natura
1315 2550 1429 2589 non
1458 2526 1683 2604 babuit,
1726 2550 1834 2590 seu
1871 2526 2225 2590 verecundia

299 2618 612 2696 avunculi,
674 2615 827 2706 apud
877 2638 1051 2703 quem
1099 2613 1394 2690 adolevit,
1461 2636 1569 2675 seu
1616 2611 1770 2699 quod
1817 2625 1956 2699 post
2001 2611 2222 2676 obitum

437 2792 479 2851 1)
524 2789 595 2838 De
625 2787 892 2853 Majoribus
922 2786 1052 2836 Petri
1082 2786 1190 2835 vide
1220 2785 1278 2835 B.
1312 2785 1581 2850 Hormayer
1608 2782 1918 2834 Jahrbucher
1949 2791 2043 2833 cet.
2076 2784 2134 2834 T.
2160 2785 2219 2836 X.
2272 2834 2275 2837 .

296 2892 346 2940 p.
383 2871 524 2926 321.
548 2879 597 2923 ct
615 2879 842 2923 auctores
872 2888 962 2938 per
989 2871 1172 2921 Podhr.
1206 2871 1267 2920 ad
1299 2870 1483 2920 Chron.
1518 2870 1642 2919 Bud.
1676 2868 1872 2918 citatoS.

429 2959 480 3029 2)
525 2958 680 3008 Verba
710 2958 921 3009 Hartvici
955 2973 1108 3018 „cum
1140 2955 1229 3006 sibi
1263 2956 1392 3005 diem
1422 2956 1658 3005 transitus
1689 2954 1945 3004 imminere
1976 2969 2077 3004 non
2110 2971 2221 3006 am·-

298 3047 502 3113 bigeret,
536 3044 789 3095 accersitis
819 3043 1080 3109 Episcopis
1111 3049 1161 3092 et
1189 3041 1360 3107 primis
1391 3041 1557 3091 Palatii
1578 3041 1637 3090 de
1663 3039 1846 3090 Christi
1876 3040 2076 3091 nomine
2108 3041 2220 3107 glo-

296 3132 558 3190 riantibu8‚
606 3130 818 3196 primum
860 3145 972 3179 cum
1003 3123 1062 3178 iis
1085 3128 1307 3178 tractavit
1339 3127 1398 3177 de
1438 3126 1781 3177 substituendo
1821 3141 1911 3191 pro
1950 3142 2004 3175 se
2042 3126 2216 3192 Rege“

294 3218 492 3284 penitus
524 3222 805 3282 congruunt
834 3231 946 3265 cum
987 3215 1064 3263 his
1110 3213 1331 3263 chronici
1362 3213 1724 3263 Moissiacensis
1755 3212 1815 3261 ad
1838 3227 1883 3262 a.
1917 3208 2034 3262 813
2069 3210 2214 3280 (Rer.

296 3304 464 3369 galliae
496 3310 545 3354 et
575 3303 727 3352 franc.
771 3301 950 3367 Script.
986 3300 1042 3350 T.
1078 3301 1130 3349 V.
1163 3316 1213 3365 p.
1258 3295 1372 3366 83)
1432 3298 1589 3361 „Post
1620 3298 1739 3348 haec
1770 3297 1941 3348 habuit
1978 3298 2218 3360 (Carolus

295 3390 528 3454 Magnus)
560 3388 818 3439 consilium
851 3403 962 3437 cum
994 3386 1224 3451 praefatis
1255 3384 1535 3452 EpiscopiS,
1576 3383 1840 3434 Abbatibus
1869 3388 1916 3432 et
1943 3382 2217 3434 Comitibus

297 3481 345 3525 et
374 3473 639 3540 Majoribus
679 3481 795 3523 natu
836 3474 1164 3533 Francorum,
1215 3479 1267 3523 ut
1297 3471 1651 3523 constituerent
1691 3470 1838 3520 filium
1873 3483 2014 3518 suum
2048 3469 2217 3520 Ludo-

297 3561 454 3611 vic-um
487 3560 668 3625 Regem
701 3566 748 3609 et
778 3559 1191 3624 Imperatorcm.“
