2358 3874
330 207 456 260 ΧΙΥ

331 340 596 393 Comitem
647 357 806 392 suum
853 339 1245 391 Posoniensem
1300 348 1352 390 et
1400 338 1741 410 Jobagiones
1795 344 2041 413 ejusdem
2084 343 2269 396 Castri

329 428 556 481 fecisset
603 426 882 496 assignari
942 428 1013 477 ad
1065 427 1172 477 duo
1213 434 1403 478 aratra
1443 425 1834 494 sufficientem,
1887 431 2046 501 cujus
2084 441 2270 484 terrae

328 525 507 569 metae
561 517 613 568 in
664 515 838 567 literis
884 514 1130 583 ejusdem
1170 513 1402 566 Dionisii
1453 513 1684 567 Comitis
1734 534 2044 586 expressae
2097 520 2267 571 conti·

326 614 541 657 nentur.
583 604 700 655 Nos
738 602 906 673 igitur
945 601 1292 669 praedictum
1333 632 1399 639 —-
1445 633 1509 639 —
1573 604 1643 655 ad
1684 605 2037 658 serviendum
2076 615 2266 660 castro

326 692 492 743 utiles
533 708 658 743 esse
708 690 1125 743 considerantes
1172 697 1227 740 et
1263 689 1446 757 ipsam
1484 689 1856 744 Donationem
1906 692 2266 746 fuisse-com-

326 787 628 847 petentem,
687 787 889 830 terram
940 777 1199 846 superius
1236 786 1485 830 notatam
1541 779 1717 830 eidem
1756 778 2007 831 Ethuruh
2058 789 2114 832 et
2150 782 2267 833 suis

325 864 450 918 filiis
480 865 607 936 jure
648 874 920 935 perpetuo
948 863 1268 935 reliquimus
1298 867 1714 934 possidendam.
1754 867 1825 918 Et
1853 883 1922 918 ne
1950 867 2074 936 ipse
2096 867 2266 920 Ethu-

324 954 430 1006 ruh
469 963 523 1005 et
560 953 655 1005 filii
694 971 791 1006 seu
839 971 1029 1006 eorum
1072 955 1283 1022 posteri
1323 970 1493 1023 super
1532 953 1683 1007 facto
1728 963 1913 1008 terrae
1950 955 2098 1008 illius
2135 972 2267 1025 pos-

323 1043 431 1096 sint
468 1041 752 1095 molestari
805 1050 901 1094 aut
938 1041 1230 1111 inquietari
1268 1050 1599 1111 praesentes
1638 1041 1834 1094 literas
1862 1043 2048 1113 sigillo
2074 1052 2267 1096 nostro

325 1131 563 1183 munitas
601 1130 654 1181 in
698 1130 1016 1182 memoriam
1058 1160 1124 1167 —
1167 1129 1371 1181 Datum
1422 1129 1648 1182 Posonii
1700 1130 1754 1182 in
1795 1131 2024 1185 Octavis
2072 1131 2265 1184 Purifi-

323 1219 559 1271 cationis
598 1217 883 1288 gloriosae
923 1217 1163 1287 virginis·
1195 1233 1340 1270 anno
1381 1217 1601 1287 gratiae
1641 1217 1721 1269 Μ.
1756 1216 1866 1271 CO.
1903 1218 2053 1271 xlmo
2092 1237 2260 1273 nono.

323 1306 440 1358 Nos
474 1306 645 1377 igitur
679 1305 850 1376 justis
884 1304 1136 1374 ipsorum
1179 1305 1439 1373 precibus
1472 1305 1717 1358 inclinati
1753 1306 1883 1375 quia
1917 1308 2116 1377 negari
2154 1325 2266 1360 non

326 1425 386 1432 -—-
428 1397 501 1462 16)
538 1394 688 1446 licite
730 1424 796 1431 —
838 1424 909 1431 --—
958 1423 1017 1430 --
1071 1395 1144 1462 1”’)
1185 1393 1535 1445 collationem
1576 1424 1642 1430 —
1673 1395 1748 1462 1Θ)
1786 1393 1970 1465 Regio
1995 1395 2265 1448 Mandato

323 1483 530 1536 factam
569 1483 868 1534 secundum
911 1481 1304 1533 continentiam
1348 1481 1633 1534 literarum
1674 1481 1998 1534 dilectorum
2037 1490 2093 1534 et
2130 1482 2262 1534 fide-

322 1572 454 1624 lium
500 1579 817 1623 nostrorum
875 1569 1134 1638 superius
1186 1585 1614 1637 expressorum,
1670 1571 1742 1622 ad
1800 1578 2130 1638 perpetuam
2182 1570 2266 1622 rei

322 1660 675 1713 stabilitatem
716 1659 931 1710 eisdem'-
976 1666 1029 1709 et
1068 1675 1171 1726 per
1208 1658 1368 1725 ipsos
1408 1658 1525 1709 suis
1564 1657 1899 1709 haeredibus
1936 1656 2264 1709 haeredum-

324 1766 430 1817 que
472 1746 893 1799 successoribus
933 1745 1189 1797 duximus
1235 1753 1428 1797 nostro
1467 1745 1766 1815 privilegio
1806 1744 2263 1798 confirmandam.

320 1844 380 1887 ut
418 1835 586 1905 igitur
625 1850 895 1903 praesens
936 1832 1280 1885 confirmatio
1327 1835 1498 1885 robur
1538 1834 1784 1885 obtineat
1822 1842 2134 1901 perpetuae
2171 1832 2263 1885 fir-

322 1923 524 1974 mitatis
565 1953 627 1959 —
673 1921 866 1973 literas
907 1930 1239 1990 praesentes
1292 1921 1345 1972 in
1397 1921 1768 1973 testimonium
1809 1920 2055 1990 duplicis.
2093 1921 2264 1993 sigilli

320 2011 496 2063 nostri
534 2010 826 2061 munimine
884 2009 1117 2061 fecimus
1163 2009 1436 2061 roborari.
1498 2008 1702 2061 Datum
1752 2027 1898 2061 anno
1937 2009 2263 2062 Dominicae

321 2098 717 2151 incarnationis
758 2097 836 2150 M.
869 2095 980 2150 CC.
1016 2097 1127 2149 lmo
1155 2097 1272 2149 ttio.
1315 2097 1528 2149 decimo
1569 2105 1769 2149 octavo
1808 2096 2094 2149 Kalendas
2128 2097 2264 2167 May

318 2186 478 2256 regni
527 2194 710 2238 autem
759 2185 934 2237 nostri
989 2202 1133 2237 anno
1187 2185 1397 2236 decimo
1450 2193 1667 2237 octavo·
1732 2184 1850 2237 Nos
1889 2185 2059 2255 igitur
2093 2185 2264 2254 justis

318 2275 671 2343 petitionibus
711 2274 839 2326 dicti
880 2274 1030 2325 Petri
1069 2274 1123 2325 in
1165 2273 1273 2325 hae
1316 2281 1473 2341 parte
1513 2273 1738 2325 indinati
1774 2273 2120 2341 praedictum
2151 2272 2262 2340 pri-

319 2362 579 2432 vilegium
631 2363 808 2430 ipsius
852 2361 1073 2413 Domini
1112 2360 1285 2413 Belae
1337 2378 1445 2413 non
1499 2378 1719 2424 rasum,
1777 2359 2264 2422 nonmutilatum,

318 2468 427 2502 non
470 2450 835 2502 cancellatum
876 2467 985 2501 non
1024 2450 1076 2500 in
1118 2449 1306 2518 aliqua
1346 2449 1432 2501 sui
1472 2458 1632 2518 parte
1671 2449 1919 2500 vitiatum
1952 2458 2131 2501 ratum
2162 2447 2262 2500 ha—

320 2541 514 2590 bentes
554 2546 609 2589 et
649 2547 943 2606 acceptum
993 2546 1047 2588 et
1086 2539 1153 2589 de
1194 2539 1363 2589 verbo
1405 2539 1476 2589 ad
1518 2539 1750 2589 verbum
1789 2536 2055 2588 insertum
2095 2553 2263 2605 prae·

317 2627 564 2680 sentibus
606 2625 1003 2678 confirmamus·
1036 2625 1270 2694 duplicis
1321 2625 1488 2696 sigilli
1542 2625 1717 2677 nostri
1757 2625 2049 2677 munimine
2099 2625 2262 2676 robo-

319 2717 493 2767 rando
533 2714 785 2767 volentes
838 2722 899 2766 ut
947 2714 1130 2782 ipsam
1171 2723 1377 2765 terram
1416 2712 1683 2766 Karchan
1724 2721 1836 2764 tam
1875 2713 2018 2764 idem
2059 2712 2262 2763 Petrus

318 2813 372 2855 et
411 2804 497 2856 sui
533 2802 842 2866 haeredes,
893 2819 1058 2871 quam
1097 2800 1192 2854 filii
1230 2802 1486 2854 Fratrum
1527 2801 1706 2869 ipsius
1743 2803 1954 2869 absque
1992 2799 2262 2869 inquieta·

319 2892 465 2943 tione
505 2890 795 2960 cujuslibet
833 2899 1105 2958 perpetuo
1151 2890 1442 2958 possidere
1471 2888 1693 2941 valeant
1723 2898 1776 2939 et
1804 2898 2016 2940 tenere.
2057 2886 2260 2946 Datum

319 2996 420 3048 per
458 2994 655 3031 manus
695 2977 1044 3030 Venerabilis
1095 2977 1197 3029 viri
1240 2977 1497 3047 Magistri
1551 2975 1766 3027 Nicolai
1816 2974 1980 3027 aulae
2031 2983 2260 3027 nostrae

319 3067 457 3119 Vice
497 3065 829 3119 Cancellarii
871 3065 1054 3117 dilecti
1092 3074 1145 3116 et
1183 3064 1362 3116 fidelis
1400 3064 1574 3115 nostri
1607 3063 1768 3115 Anno
1797 3062 2018 3114 Domini
2046 3062 2124 3114 M.
2148 3061 2259 3114 CC.

316 3155 489 3208 LXX.
528 3173 674 3208 nono
713 3154 874 3224 regni
913 3162 1097 3205 autem
1138 3153 1312 3205 nostri
1365 3170 1507 3204 anno
1562 3152 1818 3220 septimo.
1898 3151 2015 3203 Nos
2073 3151 2259 3220 itaque

475 3365 542 3425 16)
573 3372 810 3424 poterant,
842 3378 956 3423 quae

474 3439 540 3497 17)
570 3439 873 3497 postulantur,

474 3513 541 3569 18)
572 3518 616 3556 ot
643 3511 997 3567 assignationem
1029 3517 1177 3555 ton-rae
1206 3510 1464 3570 Praedictff
1494 3524 1546 3554 “x
1575 3515 1732 3554 ”osum
