2358 3874
1971 205 2095 261 203

158 348 425 428 Regum
450 348 548 422 (ac
572 339 882 426 speciatim
910 338 1178 402 Ladislai
1200 343 1359 419 1V.)‚
1392 339 1904 402 exstantissimum
1940 342 2092 427 apud

158 431 279 489 Pra
329 448 424 488 um
463 424 623 487 adsit
665 423 1108 502 documentum,
1158 437 1225 487 ut
1275 425 1422 487 adeo
1468 424 1715 487 crebrae
1759 427 1819 485 in
1866 425 2094 487 Literis

154 450 436 573 Antlyreae
479 513 597 571 ΙΙΙ.
676 509 1116 585 „praesentiae
1173 509 1404 593 Regiae
1456 531 1566 570 seu
1616 509 1772 571 Vice
1813 509 2095 572 Judicum

159 595 379 657 Curiae
426 604 719 658 nostrae“
744 602 790 674 1)
833 594 994 657 notio
1041 617 1116 656 ex
1157 593 1423 656 fontibus
1470 594 1560 654 sic
1594 593 1941 680 repurgatis
1986 616 2097 655 sua

144 683 271 766 jam
302 678 732 764 quodammodo
766 691 977 765 sponte
1021 678 1195 740 nobis
1228 677 1642 763 limpidissima
1678 678 1901 740 affluat.
1944 680 2094 739 Par-

154 776 276 826 tem
314 763 775 826 nimirum'hanc
805 786 943 826 esse
973 762 1314 825 inferiorem
1357 762 1575 825 Curiae
1615 763 1872 847 Regiae„
1921 785 2093 847 quam

154 847 442 910 articulus
488 856 545 910 7.
597 854 761 910 1498
792 859 853 910 et
883 855 940 908 4.
976 854 1144 910 1519
1166 855 1218 924 2)
1254 846 1652 909 Consilium
1704 846 1931 909 adhuc
1979 850 2092 910 Re-

154 931 274 1016 gis,
324 945 491 995 aetas
534 932 832 1018 posterior
869 930 1220 994 Tabulam
1263 930 1558 1015 Regiam
1601 932 1878 1017 appellat.

336 1203 380 1263 1)
415 1201 597 1251 Confer
626 1201 792 1252 literas
825 1201 882 1251 C.
916 1200 1131 1250 Marcelli
1161 1201 1273 1250 Vice
1303 1182 1490 1251 judicis
1523 1201 1699 1251 Curiae
1731 1200 1926 1250 Domini
1948 1201 2095 1266 Regis

157 1284 339 1352 (Andr.
372 1286 485 1348 ΙΙΙ.)
534 1287 595 1336 de
636 1302 680 1335 a.
721 1282 881 1336 1293
918 1283 1003 1351 (C.
1038 1285 1097 1334 D.
1135 1285 1213 1334 VI.
1254 1302 1298 1334 v.
1338 1283 1390 1335 1.
1425 1302 1475 1350 p.
1521 1284 1668 1348 270)
1719 1300 1935 1346 „verum
1984 1286 2095 1350 quia

154 1370 301 1419 iidem
332 1371 478 1420 toties
511 1370 662 1431 citati,
695 1371 755 1420 ad
779 1370 981 1435 Regiam
1004 1369 1338 1421 Praesentiam
1371 1386 1458 1420 seu
1488 1371 1628 1420 Vice
1658 1370 1943 1419 Judicum
1976 1370 2096 1419 Cu—

151 1454 272 1503 riae
315 1453 584 1518 ejusdem
637 1461 686 1503 et
722 1463 994 1503 nostram
1039 1454 1203 1503 venire
1252 1454 1642 1518 neglexerunt“.
1683 1454 1811 1503 Alias
1842 1454 1959 1503 item
1994 1455 2097 1502 An-

152 1538 295 1587 dreae
327 1537 411 1587 111.
446 1539 506 1587 de
537 1554 582 1588 a.
610 1536 769 1588 1296
805 1538 927 1601 (VII.
961 1554 1006 1586 v.
1031 1536 1087 1586 2.
1120 1553 1170 1602 p.
1200 1535 1344 1600 192)
1379 1539 1572 1599 „traxit
1600 1539 1651 1588 in
1683 1537 1893 1587 Causam
1927 1553 2095 1587 coram
2194 1528 2196 1530 ¹

151 1622 315 1682 nohiS,
349 1622 622 1672 exhibendo
657 1629 828 1673 contra
858 1621 1139 1687 praedictos
1169 1622 1336 1672 literas
1366 1629 1591 1685 nostras,
1635 1621 1774 1671 Vice
1812 1622 1839 1670 J
1850 1622 2095 1672 udicum

153 1706 370 1757 Curiae
422 1714 667 1757 nostrae
698 1714 747 1757 et
777 1707 1083 1757 diversorum
1112 1707 1340 1756 Judicum
1374 1722 1522 1772 quam
1551 1707 1768 1772 plures“
1801 1713 1896 1756 cet.
2058 1693 2061 1697 ⁴

327 1834 374 1894 2)
406 1832 470 1883 Et
502 1827 554 1883 hi
585 1848 798 1897 namque
830 1839 879 1882 et
908 1839 1000 1883 art.
1029 1830 1123 1883 10.
1164 1830 1323 1883 1500
1359 1840 1408 1883 et
1438 1827 1496 1883 4.
1535 1831 1589 1883 5.
1623 1832 1738 1882 anni
1775 1830 1956 1882 1507.
1995 1829 2092 1882 39.

164 1914 322 1966 1519
364 1932 423 1966 ex
458 1917 580 1978 hac,
633 1933 778 1983 quam
827 1917 956 1967 inter
990 1933 1083 1967 nos
1116 1924 1539 1979 commentamur,
1578 1916 1883 1968 Judiciorum
1920 1917 2095 1966 Curiae

158 2001 335 2066 Regiae
365 2002 585 2052 Andreae
616 2003 700 2052 111.
734 2017 909 2052 norma
941 2001 1142 2052 derivati
1174 2008 1307 2052 sunt.

1023 2238 1066 2312 ς
1111 2240 1212 2295 32.

909 2387 988 2437 De
1033 2370 1337 2448 Praeside,

328 2546 591 2607 Praeses
621 2543 940 2607 tribunalis
981 2543 1162 2630 hujus
1192 2544 1348 2608 Vice
1376 2543 1579 2608 Judex
1609 2546 1827 2607 Curiae
1866 2545 2093 2630 Regiae

161 2628 298 2705 suit,
349 2629 448 2714 qui
495 2629 928 2715 amplissimum
967 2628 1361 2692 Praesentiae
1400 2629 1631 2713 Regiae
1672 2629 1910 2692 titulum
1960 2653 2093 2691 cum

156 2713 386 2775 Comite
435 2713 661 2775 Curiali
708 2712 917 2800 majori
973 2737 1161 2799 aequo
1206 2716 1346 2798 jure
1386 2713 1802 2800 participabat,
1826 2720 1874 2793 1)
1927 2715 2123 2794 velut

337 2972 380 3031 1)
411 2971 480 3020 Ad
513 2971 677 3020 literas
718 2970 890 3020 citatas
930 2945 1096 3035 paullo
1135 2977 1247 3020 ante
1278 2970 1434 3036 adjice
1466 2970 1583 3020 alias
1612 2970 1646 3020 l.
1681 2986 1726 3020 c.
1765 2986 1816 3035 p.
1853 2966 1971 3020 383
2006 2971 2090 3020 iti-

158 3054 269 3102 dem
287 3055 399 3104 Vice
429 3054 616 3103 Judicis
649 3055 824 3104 Curiae
865 3055 1012 3120 Regis
1046 3055 1264 3120 „quihus
1295 3055 1411 3105 visis
1444 3055 1748 3120 Stephanum
1781 3061 1875 3104 cet,
1913 3055 2088 3104 citatos
2116 3059 2121 3061 ’

158 3139 217 3187 ad
249 3146 438 3203 septem
473 3139 709 3187 terminos
740 3139 801 3188 ad
824 3139 1024 3204 Regiam
1048 3140 1382 3190 Praesentiam
1404 3156 1504 3190 -seu
1526 3139 1712 3189 Judicis
1737 3138 1914 3188 Curiae
1946 3153 2090 3186 com-

78 3287 82 3293 .
157 3222 376 3287 perimus
414 3238 515 3270 non
554 3222 772 3283 venisse3
822 3231 1028 3287 propter
1074 3224 1207 3287 quod
1247 3223 1378 3273 citati
1416 3224 1477 3272 ad
1524 3223 1724 3285 Regiam
1754 3222 2086 3271 Praesentiam

159 3322 248 3356 seu
294 3312 515 3355 nostram
564 3306 700 3368 (Vice
729 3306 918 3362 Judicis
950 3307 1149 3367 Curiae)
1197 3307 1360 3355 venire
1407 3306 1685 3356 nullatenus
1733 3306 2089 3356 contumaciter

160 3394 516 3440 cu1·averunt“.
563 3390 701 3447 ,Quae
731 3389 882 3446 etiamv
907 3405 958 3455 p.
983 3386 1104 3440 388
1136 3390 1330 3455 repetit.
1377 3390 1504 3439 Alias
1536 3389 1657 3449 item·
1686 3389 1939 3439 Comitis
1964 3394 2087 3452 (non
2133 3440 2135 3442 ,

161 3474 226 3523 uti
260 3475 358 3524 VII.
399 3472 450 3523 1.
485 3491 534 3539 p.
575 3470 690 3524 113
725 3474 926 3539 legitur:
970 3474 1295 3535 Canonici)
1345 3474 1580 3539 Stephani
1620 3473 1732 3524 Vice
1767 3473 1952 3524 Judicis
1986 3474 2090 3525 Cu-
