2358 3874
2011 203 2129 259 147

190 343 434 426 gionum
480 339 748 437 apparati
781 345 826 418 ¹)
859 350 1019 414 sunt,
1068 350 1133 400 ut
1174 361 1292 401 non
1326 337 1501 400 unius
1540 349 1771 400 tantum
1801 337 2131 423 Legendae

193 451 242 488 s,
274 426 583 511 Stephani,
633 422 738 487 sed
771 421 982 486 horum
1015 445 1249 508 quoque
1280 421 1354 484 ad
1385 422 1772 498 imitationem
1802 422 1962 484 illius
1994 447 2130 487 con-

190 510 476 572 fectorum
508 533 616 596 per
641 509 850 570 Belam
873 511 981 570 lV.
1014 507 1269 569 indicum
1300 510 1664 592 (Regestum
1694 507 1903 592 regale
1930 509 2129 594 appel-

190 594 417 673 lantur)
451 597 752 679 jacturam
784 591 1108 655 doleamus,

371 862 417 930 ¹)
451 863 574 912 Cod.
609 863 737 928 Dipl.
772 863 848 912 VI.
889 878 934 911 v.
970 859 1026 911 2.
1060 877 1110 926 p.
1147 858 1267 911 392
1323 865 1500 927 „quod
1542 863 1671 913 sicut
1700 864 1750 912 in
1782 863 1998 927 Regesto
2030 878 2129 913 no-

189 953 293 996 stro
336 945 439 1011 jam
472 948 656 997 dudum
688 947 915 996 confecto
961 953 1010 995 et
1058 961 1149 1010 per
1194 961 1288 995 nos
1327 948 1524 1011 saepius
1573 947 1809 1012 aprobato
1847 948 2127 999 invenimus

167 1031 456 1091 contineri,
505 1032 653 1081 Vidus
693 1038 742 1081 et
779 1047 899 1080 suos
941 1031 1069 1080 filios
1099 1030 1252 1080 fuisse
1291 1037 1340 1079 et
1378 1046 1488 1080 esse
1518 1046 1661 1080 veros
1702 1038 1750 1080 et
1780 1031 1972 1081 nobiles
2002 1033 2129 1083 filios

186 1114 514 1179 Jobagionum
547 1116 606 1164 de
638 1116 865 1165 Thurocz
896 1131 940 1165 a.
981 1112 1204 1165 1266.“
1239 1115 1362 1164 Item
1395 1116 1450 1165 C.
1485 1116 1544 1164 D.
1579 1116 1655 1165 Vl.
1690 1132 1740 1180 p.
1778 1112 1937 1166 2321
1977 1123 2130 1177 „ter-

188 1213 293 1248 ram
326 1199 591 1264 Zerdahely
629 1200 678 1249 in
710 1200 884 1249 iisdem
917 1200 1062 1249 metis
1093 1206 1143 1249 et
1173 1200 1426 1259 termium,
1468 1200 1596 1250 sicut
1625 1201 1676 1249 in
1707 1209 1881 1250 nostro
1913 1201 2128 1265 Regesto

187 1283 381 1347 plenius
413 1284 711 1345 continetur,
747 1291 990 1334 exemtam
1021 1284 1080 1333 ab
1111 1284 1222 1349 ipso
1263 1291 1426 1334 castro
1466 1285 1815 1335 contulimus“
1858 1292 1952 1335 cet.
1986 1286 2127 1336 Aliud

186 1368 606 1418 exstantissimum
638 1369 833 1432 Regesti
867 1368 974 1434 ejus
1004 1369 1240 1418 indicium
1272 1369 1507 1419 Mantissa
1540 1369 1802 1420 exhibebit.

1062 1558 1115 1655 §¹
1152 1563 1250 1619 11.

184 1718 384 1760 terras
431 1693 773 1761 cultoribus
817 1726 1032 1761 vacuas
1078 1712 1340 1761 coloniis
1386 1712 1652 1776 undique
1697 1706 2006 1773 adductiS‚
2039 1712 2123 1764 uti

242 1795 604 1860 rogabatur,
651 1796 792 1846 aliis
839 1796 1020 1846 titulo
1066 1796 1256 1854 feudi,
1304 1796 1444 1846 aliis
1489 1796 1674 1846 titulo
1721 1795 2067 1847 nobilitatis

881 1889 939 1930 et
983 1881 1414 1940 liaereditatiS‚

351 2041 446 2102 De
478 2038 923 2126 dispensatione
965 2051 1262 2102 terrarum
1293 2061 1614 2102 vacuarum
1655 2037 1803 2101 haec
1834 2036 2019 2102 Belae
2064 2038 2125 2101 in

180 2121 372 2186 literis
404 2123 475 2187 de
504 2147 554 2186 a.
591 2132 755 2188 1268
789 2125 970 2188 verba
1000 2136 1175 2187 sunt:
1224 2123 1595 2209 ‚3Hungaria
1636 2136 1774 2186 ante
1808 2123 1983 2208 plena
2020 2147 2123 2210 po—

182 2208 342 2292 pulo,
374 2221 692 2305 postquam
733 2209 1148 2296 regnicolae
1193 2208 1253 2270 in
1286 2232 1504 2294 magna
1535 2222 1706 2293 parte
1747 2208 1839 2270 vel
1870 2209 2124 2293 peremti

180 2292 273 2355 vel
306 2292 543 2355 abducti
573 2293 861 2371 fuissent,
909 2294 1111 2357 multis
1153 2293 1302 2355 locis
1341 2293 1400 2355 in
1442 2293 1821 2356 solitudinem
1858 2293 2121 2371 redacta,

179 2375 239 2437 id
271 2400 339 2440 se
371 2378 605 2440 consilii
637 2379 890 2465 cepisse,
930 2391 997 2441 ut
1029 2379 1100 2441 de
1133 2378 1365 2440 cunctis
1397 2378 1598 2440 mundi
1630 2377 1902 2464 partibus
1938 2375 2121 2441 homi-

180 2483 288 2523 nes
319 2473 441 2523 tam
474 2462 796 2547 agricolam,
829 2487 1006 2550 quam
1038 2462 1278 2539 milites,
1313 2462 1505 2526 edicto
1539 2463 1709 2548 regio
1743 2475 2120 2540 convocaret,

179 2545 676 2632 venientibusque
708 2572 890 2610 causa
919 2546 1227 2611 habitandi
1258 2571 1544 2633 regnum,
1585 2547 1935 2632 assignaret
1980 2560 2121 2610 ter-

178 2653 353 2706 raS‚›
385 2642 444 2692 et
488 2633 909 2716 possessiones
967 2645 1027 2695 et
1071 2631 1368 2717 aliquibus
1416 2631 1728 2709 redituS‚
1779 2632 2119 2718 unicuique,

177 2727 356 2800 prout
387 2727 586 2778 status
620 2716 713 2778 sui
747 2718 1050 2803 exigentia
1079 2716 1484 2801 requirebat.“
1534 2718 1683 2778 Cum
1716 2716 1886 2778 novis
1919 2715 2119 2804 hospi—

179 2799 340 2862 tibus
388 2798 483 2861 his
532 2802 854 2887 peregrina
897 2825 1130 2888 quoque
1181 2801 1611 2877 Feudorum‚
1657 2799 2118 2879 Lihniorum‚

177 2883 318 2946 item
370 2883 809 2949 Lihenorum
866 2899 925 2950 et
984 2883 1429 2949 Lehenorum
1477 2885 1768 2948 vocabula
1811 2885 1966 2972 apud
2004 2910 2116 2949 nos

176 2967 634 3048 increbuerunt,
680 2994 929 3057 quorum
961 2983 1022 3034 et
1052 2969 1362 3033 feudorum
1396 2969 1627 3056 quidem
1661 2970 1837 3033 etiam
1870 2995 1978 3058 pro
2014 2971 2118 3035 bo—

177 3051 273 3113 nis
318 3053 530 3116 locatis
579 3067 639 3118 et
670 3054 979 3119 conductis
1017 3063 1084 3136 1),
1131 3053 1459 3118 lihenorum
1491 3078 1600 3141 pro
1631 3055 1812 3118 fundo
1845 3068 2118 3142 accepto-

362 3313 403 3370 1)
436 3310 517 3359 Sic
549 3310 671 3359 Cod.
705 3309 833 3374 Dipl.
868 3310 920 3360 V.
954 3327 998 3360 v.
1027 3308 1084 3360 3.
1118 3326 1168 3375 p.
1192 3303 1334 3359 441.
1368 3307 1598 3360 Nicolaus
1630 3308 1796 3360 Banus
1827 3312 2114 3375 possessio-

176 3410 290 3444 nem
324 3410 462 3444 suam
492 3391 568 3444 30
595 3394 788 3443 lihenos
819 3395 982 3444 minus
1013 3410 1111 3444 una
1135 3394 1468 3444 continentem
1495 3395 1797 3444 monasterio
1830 3395 1890 3444 de
1910 3395 2114 3462 Kethely

177 3479 240 3528 ita
273 3479 439 3538 donat,
475 3488 528 3529 ut
560 3479 600 3528 si
631 3479 774 3543 aliqui
813 3479 1008 3528 Nobiles
1046 3479 1118 3527 vel
1148 3478 1447 3541 Jobagiones
1486 3479 1551 3528 ibi
1589 3478 1795 3595 lthpum
1828 3481 1900 3531 vel
1931 3480 2113 3531 libinos

1556 3562 1628 3612 10
