2358 3874
1980 257 2099 311 133

163 417 334 480 quam
367 405 633 477 gratum3
667 388 725 449 id
757 412 896 451 vero
944 412 1051 475 pro
1074 388 1324 474 juvenili
1358 387 1536 475 hujus
1579 390 1813 452 fervore
1853 392 2096 453 familia-

162 477 333 562 rique
362 474 706 562 proverbio:
755 497 903 549 „ea,
937 496 1089 558 quae
1137 473 1266 534 sine
1310 473 1542 536 ratione
1572 475 1831 552 fierent,
1869 476 2099 539 ratione

201 560 401 623 raevia
429 557 701 620 revocari
732 557 992 620 dehere“
1025 556 1416 619 laetissimum
1448 558 1576 633 fuit,
1607 559 1763 643 quod
1791 560 2099 644 negotium

160 585 292 721 boc,
324 656 576 719 maturo,
610 655 674 704 ut
706 642 806 717 ait,
840 644 1135 726 Majorum
1166 653 1366 704 terrae
1399 643 1676 719 consilio,
1711 643 2097 707 auctoritate-

163 753 274 815 que
303 727 510 790 Patris
554 727 669 788 sibi
703 725 1042 788 mandatum
1078 725 1292 787 fuerat.
1350 727 1560 788 Creari
1609 728 1810 812 itaque
1849 727 2099 791 Judices

160 813 415 900 placuit,
466 812 563 896 qui
607 810 678 874 de
710 809 1128 872 donationibus
1168 809 1287 871 illis
1329 825 1804 895 cognoscerent,
1856 813 2020 876 viros
2065 837 2100 874 a

162 921 272 960 suo
303 896 364 958 in
395 919 519 958 rem
552 894 843 982 publicam
875 892 1074 956 studio
1115 894 1311 955 claros
1357 908 1416 957 et
1457 896 1798 980 provinciae
1844 910 1965 959 tam
2006 921 2100 959 ar-

160 982 310 1044 duae
362 1003 558 1066 pares.
622 983 716 1040 Ex
764 977 1066 1040 Dalmatia
1112 977 1313 1062 itaque
1360 1001 1643 1041 reversus
1694 1004 1817 1043 rem
1867 1004 1997 1043 eam
2039 981 2101 1043 in

162 1065 510 1149 Hung-aria3
543 1063 914 1147 subrogatus
947 1086 1089 1124 vero
1123 1063 1175 1124 ei
1206 1064 1394 1124 frater
1428 1064 1831 1126 Colomannus
1870 1065 1930 1125 in
1967 1066 2100 1126 Sla—

164 1149 357 1225 vonia,
390 1162 510 1211 tam
542 1160 789 1210 strenue
820 1146 1039 1232 gessit,
1071 1158 1138 1208 ut
1161 1148 1316 1232 patri
1341 1145 1573 1231 sibique
1600 1147 1891 1210 excidium
1917 1171 2103 1235 prope

163 1244 574 1304 arcesserent3
625 1255 802 1317 quum
835 1230 933 1292 alii
970 1254 1004 1292 a
1036 1231 1282 1292 summis
1315 1231 1529 1316 dejecti
1559 1232 1837 1310 fortunis,
1872 1234 1971 1295 alii
1998 1232 2100 1296 how

155 1341 291 1380 rum
333 1317 614 1403 periculsi
656 1339 798 1377 casu
831 1318 1059 1411 Regem
1093 1339 1224 1377 cum
1267 1314 1405 1378 filiis
1460 1316 1791 1393 trucidare,
1847 1321 2099 1403 Hunga-

159 1402 423 1486 riamque
455 1401 614 1462 inter
645 1423 711 1461 se
742 1400 949 1485 partiri
983 1399 1041 1460 in
1074 1399 1331 1462 animum
1362 1399 1725 1478 induxerint,
1752 1424 1822 1463 ac
1845 1399 2098 1487 denique

162 1508 412 1570 regnum
443 1484 750 1546 Friderico
782 1483 1137 1568 Imperatori
1171 1484 1511 1547 obtulerint.

1034 1774 1077 1847 §
1122 1777 1221 1831 32.

163 1939 277 1988 quo
324 1922 651 1981 liberatu5‚
685 1921 942 1971 Decreto
981 1937 1027 1971 a.
1066 1919 1245 1972 1231
1284 1924 1473 1987 legem
1522 1925 1589 1973 de
1636 1923 1968 1974 resistendi
2015 1926 2105 1974 fa-

164 2007 396 2057 cultate
462 2006 578 2054 alio
646 2020 713 2055 eo
776 2006 926 2055 fidei
992 2006 1233 2055 vinculo
1279 2008 1675 2071 permutavit,
1724 2014 1786 2057 ut
1840 2008 1997 2069 sibi,
2056 2011 2104 2058 si

207 2097 418 2141 contra
462 2090 809 2139 libertatem
857 2105 1170 2139 comunem
1218 2091 1548 2152 niteretur,
1609 2092 1803 2141 sacris
1848 2092 2066 2142 Archi-

514 2174 847 2238 episcopus
895 2175 1346 2238 Strigoniensis
1391 2176 1748 2225 interdicat.

334 2334 568 2394 Horum
600 2344 799 2394 tamen
830 2335 1046 2395 nuncio
1078 2334 1138 2394 in
1170 2334 1265 2395 via
1299 2347 1472 2419 capto
1507 2347 1566 2396 et
1598 2332 1710 2396 hoc
1740 2335 1934 2396 evasit
1978 2338 2107 2395 An-

166 2417 341 2479 dreas
374 2415 708 2491 discrimen,
742 2429 801 2478 et
832 2417 1105 2480 Comitiis
1139 2441 1188 2479 a.
1215 2426 1377 2480 1231
1414 2419 1733 2481 celebratis
1766 2418 1839 2480 ab
1873 2417 2109 2481 Ordini-

167 2501 280 2561 bus
330 2500 506 2584 regni
552 2523 669 2561 non
716 2501 921 2563 invitis
971 2503 1340 2587 impetravit,
1390 2515 1456 2566 ut
1501 2503 1851 2588 quibusdam
1898 2504 2109 2565 Bullae

169 2607 385 2645 aureae
410 2583 704 2669 capitibus
735 2583 1052 2648 illustratis
1085 2585 1349 2648 admissa
1420 2611 1486 2649 er
1517 2587 1762 2649 eandem
1786 2586 2111 2649 resistendi

167 2669 441 2744 facultas,
475 2691 591 2753 qua
622 2669 888 2730 nonnulli
930 2670 1003 2732 ad
1035 2670 1325 2733 nefarium
1358 2611 1499 2733 illud
1538 2670 1890 2756 proditionis
1929 2670 2106 2755 regni

170 2753 389 2814 crimen
435 2752 608 2814 abusi
639 2764 807 2829 sunt,
856 2752 973 2815 huc
1002 2755 1446 2836 immutaretur,
1496 2768 1563 2817 ut
1604 2755 1656 2816 si
1698 2755 1843 2840 quid
1867 2755 2109 2840 legibus

171 2836 484 2899 adversum
517 2839 649 2900 Rex
680 2838 1104 2915 committeret,
1136 2839 1389 2901 facultas
1419 2838 1895 2925 Archiepiscopo
1951 2839 2108 2901 Stri-

174 2919 444 2982 ‹roniensi
475 2922 572 2998 sit,
606 2922 854 2985 eundem
887 2923 1219 3009 praemissa
1250 2923 1667 2999 admonitione,
1703 2924 1894 2985 sacris
1927 2922 2109 2985 inter-

168 2970 416 3066 dicendi.
477 3007 667 3079 Quam
717 3006 926 3068 deinde
974 3008 1276 3070 Robertus
1327 3007 1844 3094 Archiepiscopus
1898 3020 2108 3069 contra

170 3087 530 3171 Dyonisium
562 3113 611 3150 a.
645 3097 831 3166 1227,
859 3098 1024 3153 1228
1053 3092 1412 3168 Palatinum,
1447 3093 1789 3154 Samuelem
1815 3089 2107 3177 quondam

171 3175 458 3234 Gamerae
490 3172 800 3249 Comitem,
838 3188 899 3237 et
934 3175 1254 3238 Nicolaum
1285 3180 1760 3239 Tavernicorum
1791 3173 2111 3258 Regalium

173 3256 571 3340 Magistrum,
616 3280 863 3340 quorum
896 3259 1144 3321 consilio
1186 3262 1316 3321 Rex
1345 3259 1617 3322 Judaeos
1661 3271 1720 3320 et
1751 3262 2111 3333 SaracenoS,

173 3340 422 3402 avaritia
454 3363 563 3401 sua
595 3341 810 3425 populo
843 3365 1094 3426 graveS,
1126 3341 1404 3426 religioni
1436 3365 1577 3405 vero
1612 3341 1788 3404 etiam
1819 3341 2112 3427 periculo—
2148 3421 2150 3424 .

174 3447 276 3487 sos
307 3447 341 3486 a
370 3423 841 3509 Magistratibus
873 3449 986 3488 non
1020 3426 1304 3502 removit,
1347 3426 1432 3488 ita
1462 3449 1640 3501 usuS,
1687 3437 1753 3487 ut
1793 3448 1902 3510 per
1948 3426 2108 3487 latus

171 3507 380 3570 horum
413 3512 641 3593 Regem
673 3510 866 3595 ipsum
898 3522 1151 3596 peteret,
1203 3532 1335 3571 cum
1366 3509 1454 3572 sic
1484 3509 1628 3571 nihil
1662 3510 1982 3586 effecisset,
2017 3533 2110 3572 sa-
