2358 3874
2047 252 2114 304 Ll

15 404 32 430 e
181 383 308 434 licet
347 389 402 433 et
439 379 639 432 futuris
679 378 875 431 harum
916 380 1062 432 serie
1103 382 1429 433 mandamus
1467 381 1804 446 firmissime,
1845 393 2117 452 quatenus

0 423 35 536 ἓ
182 487 217 521 a
255 470 416 522 modo
457 467 720 536 deinceps
760 467 911 520 nullo
952 476 1200 537 tempore
1251 486 1285 522 a
1324 469 1596 537 praefatis
1638 469 1862 522 Civibus
1908 472 2114 524 nostris

0 532 28 678 ἓ
189 557 392 626 Oppidi
432 555 571 608 Gela
611 556 1175 626 pertinentiarumque
1235 558 1481 627 ejusdem
1520 557 1668 610 ultra
1708 559 2114 627 praescriptam

0 682 26 710 ἓ,
176 661 445 697 summam
500 644 756 712 recipere
785 658 907 695 *seu
950 644 1206 714 exigere,
1255 646 1536 716 recipique
1591 662 1694 698 seu
1734 645 1883 717 exigi
1922 644 2110 699 facere

0 700 30 802 {v
179 732 447 785 audeatis·
516 730 629 783 Sed
689 733 914 783 eosdem
971 732 1023 783 in
1088 732 1400 803 hujusmodi
1460 743 1652 787 nostra
1703 734 1958 804 gratiosa
2014 753 2110 788 an-

0 854 10 903 5
174 819 398 871 nuentia
437 834 775 872 conservare
814 835 1037 888 semper
1066 822 1317 874 debeatis
1344 838 1510 875 secus
1536 821 1725 875 facere
1765 822 1917 876 nullo
1949 826 2111 876 modo

172 907 564 974 praesumatis.
605 906 940 960 Praesentes
982 917 1198 973 autem,
1239 927 1378 980 quas
1418 921 1636 964 secreto
1677 911 1860 982 sigillo
1899 921 2113 976 nostre,

0 986 16 1055 5
173 1011 280 1063 quo
319 1002 379 1046 ut
416 993 542 1047 Rex
582 995 903 1066 Hungariae
943 997 1174 1062 utimur,
1227 998 1279 1050 in
1321 999 1577 1067 pendenti
1620 1000 1941 1052 communiri
1980 998 2110 1052 feci-

0 1075 16 1125 Ῑ
174 1099 314 1146 muS‚
354 1091 486 1152 post
525 1100 716 1136 earum
757 1083 1026 1137 lecturam
1066 1103 1289 1154 semper
1328 1087 1479 1139 reddi
1529 1086 1784 1139 volumus
1842 1104 2107 1156 praesen-

174 1170 331 1222 tanti.
372 1169 596 1223 ·Datum
636 1171 862 1225 Posonii
902 1173 954 1225 in
1010 1174 1281 1227 dominica
1319 1175 1597 1228 invocavit
1636 1174 1760 1227 Ano
1792 1175 1901 1228 Dni
1932 1175 2111 1227 Mille-

172 1258 330 1321 simo,
372 1258 848 1329 quingentesimo,
886 1261 1159 1331 'vigesimo
1202 1271 1416 1332 quarte„
1456 1280 1752 1331 regnorum
1794 1272 2108 1317 nostrorum

0 1390 8 1422 ζ
171 1346 578 1412 praedictorum
619 1364 763 1400 anno
804 1357 1022 1401 octav0.

907 1922 1039 1948 ,ἥψω
1050 1918 1343 1955 &mumma--
