2358 3874
284 203 468 258 XX1V

286 339 554 390 dictarum
583 335 1016 405 PrivilegiaIium
1054 335 1231 402 ipsius
1252 334 1495 402 Capituli
1516 334 1877 389 posoniensis
1911 352 2016 404 per
2049 335 2230 388 dictos

284 425 428 478 filios
452 424 722 493 Stephani
744 432 798 474 et
819 420 1151 473 Michaelem
1175 422 1431 472 Fratrem
1453 421 1687 474 Dioni-sii
1716 422 2083 476 exhibitarum
2113 424 2226 492 pri-

287 532 375 566 mo
399 512 617 564 Literas
634 509 1007 579 praeallegati
1020 507 1261 577 Capituli
1278 508 1664 578 privilegiales
1693 510 1747 561 in
1767 510 1929 563 Anno
1953 510 2224 564 Dni1307

285 609 570 653 emanatas
590 607 835 650 tenorem
851 596 1133 647 literarum
1157 596 1465 664 patentium
1486 596 1784 648 Hel-manni
1800 595 2028 650 Comitis
2049 598 2226 651 Poso-

282 691 430 742 nien.
455 691 503 756 ³)
530 687 584 739 in
616 687 811 738 eodem
833 683 994 735 Anno
1036 682 1417 735 confectarum
1450 686 1517 736 de
1538 686 1710 736 verbo
1733 686 1803 736 ad
1824 686 2051 737 verbum
2071 687 2128 738 in
2163 702 2227 739 se

285 777 636 829 declarantes
678 781 734 823 et
771 771 1207 823 transcribentes
1249 772 1408 824 nobis
1446 780 1898 840 presentaverat,
1938 772 1993 825 in
2029 773 2226 842 quibus

284 864 626 915 habebatur:
668 860 815 929 quod
854 876 977 909 cum
1016 860 1162 910 inter
1198 858 1367 911 Belee
1408 867 1462 911 et
1504 847 1730 911 Petrum
1770 859 2025 912 Fratrem
2064 877 2226 913 suum

283 953 353 1003 ab
393 966 521 1013 una,
560 949 689 1000 item
730 945 1089 998 Eustachium
1129 946 1324 999 Filium
1366 948 1650 1000 Benedicti
1690 959 1990 1018 cognatum
2031 964 2223 1001 eorum

284 1046 446 1107 parte
501 1053 570 1088 ex
621 1034 800 1087 altera
849 1050 1026 1102 super
1067 1035 1307 1103 quadam
1357 1035 1720 1103 possessione
1759 1034 1984 1087 Karcza
2022 1044 2229 1103 vocata

284 1126 372 1190 lis,
413 1132 467 1176 et
505 1121 884 1175 Contentionis
913 1122 1147 1173 materia
1186 1123 1459 1174 suscitata
1480 1122 1697 1186 fuisset,
1725 1131 1780 1175 et
1805 1123 2008 1178 diutius
2034 1141 2227 1176 coram

284 1216 476 1266 eodem
517 1210 729 1264 Comite
769 1210 1045 1262 Hermano
1093 1210 1355 1263 ventilata
1411 1212 1481 1263 ad
1520 1211 1768 1264 ultimum
1809 1229 1947 1266 vero
1996 1229 2100 1281 per
2137 1229 2224 1264 ar·

282 1301 561 1354 bitrariam
603 1298 1011 1351 ordinacionem
1053 1299 1355 1367 proborum
1395 1307 1450 1351 et
1468 1299 1742 1352 Nobilium
1776 1300 2022 1354 virorum
2042 1302 2095 1354 in
2120 1301 2224 1354 eis-

282 1391 406 1441 dem
455 1386 655 1439 Literis
702 1386 1022 1455 patentibus
1079 1386 1257 1455 ipsius
1311 1386 1540 1439 Comitis
1591 1387 1853 1440 Hermani
1903 1389 2224 1441 nominatim

284 1484 665 1529 contentorum
705 1473 891 1526 taliter
930 1475 1399 1538 concordassent,
1453 1476 1599 1544 quod
1638 1476 1748 1543 ipsi
1787 1484 1958 1528 totam
1998 1492 2224 1545 posses-

284 1564 495 1616 sionem
536 1561 822 1614 eorumin
863 1563 1004 1613 duas
1042 1570 1234 1630 partes
1272 1579 1399 1613 cum
1432 1563 1683 1615 omnibus
1722 1563 1840 1615 suis
1877 1563 2225 1628 utilitatibus,

282 1660 338 1703 et
377 1649 722 1719 pertinentiis
759 1649 1051 1713 universiS,
1090 1666 1158 1701 ac
1196 1648 1602 1720 Jobagionibus
1640 1651 1693 1702 in
1734 1650 1832 1703 illa
1865 1651 2227 1720 possessione

281 1738 595 1791 constitutis
637 1736 985 1800 divisissent,
1031 1754 1197 1789 unam
1237 1745 1452 1805 partem
1495 1739 1742 1808 ejusdem
1781 1738 1922 1807 ipsis
1962 1738 2130 1792 Belee
2170 1747 2228 1792 et

283 1828 450 1878 Petro
490 1826 870 1894 relinquendo9
910 1824 1076 1877 aliam
1117 1842 1254 1877 vero
1283 1834 1497 1894 partem
1525 1826 1704 1894 ipsius
1737 1827 1861 1895 ipse
1886 1819 2225 1880 Eustachius

284 1915 388 1966 sibi
426 1915 797 1976 reservand03
846 1912 928 1964 Ita
968 1912 1252 1977 videlicet,
1293 1915 1440 1983 quod
1479 1922 1608 1966 ante
1648 1915 1830 1966 omnia
1870 1916 2014 1966 idem
2053 1915 2224 1967 Belee

283 2012 337 2055 et
379 2003 580 2054 Petrus
620 2010 837 2070 septem
876 2002 1088 2071 jugera
1127 2009 1310 2053 terrae
1350 2002 1596 2071 ejusdem
1638 2002 1942 2055 Eustachio
1995 2004 2051 2055 in
2090 2003 2224 2057 divi-

280 2092 491 2143 sionem
532 2092 666 2141 dare
707 2089 1002 2159 assignare
1031 2096 1303 2153 tenentur,
1332 2089 1686 2142 nihilominus
1711 2099 1896 2142 tamen
1923 2091 1973 2142 si
2006 2091 2226 2159 pdictus

279 2178 448 2230 Belee
487 2194 658 2246 super
697 2176 884 2246 aliqua
923 2176 1203 2245 particula
1242 2186 1427 2230 terrae
1484 2179 1663 2230 dictae
1702 2179 2082 2248 possessionis
2120 2195 2224 2253 sua

278 2267 649 2319 Instrumenta
688 2266 981 2316 ostendere
1021 2273 1234 2333 posset,
1275 2282 1375 2317 seu
1416 2264 1708 2330 exhibere,
1748 2274 1879 2318 tunc
1916 2265 2015 2318 illa
2054 2267 2224 2335 parti-

280 2354 407 2407 cula
446 2363 633 2406 terrae
671 2353 775 2404 sibi
815 2358 942 2404 ante
981 2354 1165 2404 omnia
1206 2361 1543 2417 remaneret,
1581 2353 1728 2406 idem
1774 2385 1837 2428 -7-
1879 2353 2023 2407 Lras
2062 2371 2223 2423 prae-

279 2443 473 2511 scripti
512 2439 755 2509 Capituli
778 2440 1141 2492 Posoniensis
1174 2442 1666 2510 protestationales
1699 2444 1802 2495 sub
1823 2441 1911 2494 Ao
1931 2442 2041 2495 Dni
2082 2442 2224 2494 1307

279 2531 422 2581 idest
458 2528 755 2580 Millesimo
796 2527 1213 2580 Tercentesimo
1256 2528 1504 2598 Septimo
1545 2528 1831 2583 confectas
1869 2531 2029 2583 nobis
2068 2529 2220 2582 exhi-

278 2620 475 2670 buerat
531 2617 676 2668 inter
732 2624 959 2668 caetera
1017 2616 1396 2668 declarantes:
1457 2619 1604 2687 quod
1655 2618 1992 2670 Eustachius
2049 2616 2223 2669 Filius

278 2705 568 2757 Benedicti
607 2706 672 2756 de
699 2703 924 2756 Karcza
961 2705 1014 2755 in
1050 2705 1228 2772 ipsius
1268 2704 1510 2773 Capituli
1536 2707 1813 2758 accedens
1847 2704 2222 2774 praesentiam

278 2811 378 2861 per
417 2794 638 2844 modum
673 2793 1091 2860 protestationis
1147 2793 1323 2844 eidem
1374 2792 1783 2863 significasset:
1846 2794 1993 2861 quod
2032 2791 2221 2855 Belee,

283 2880 510 2942 PetruS,
571 2888 625 2931 et
666 2879 988 2947 Stephanus
1039 2880 1160 2931 Filii
1201 2879 1413 2949 Belyud
1469 2881 1536 2931 de
1590 2881 1813 2942 eadem,
1867 2879 2098 2949 cognati
2137 2879 2224 2931 sui

279 2966 651 3037 quadraginta
679 2967 799 3035 jam
829 2967 1036 3036 jugera
1076 2976 1351 3019 terrarum
1390 2966 1586 3018 Dubur
1625 2966 1826 3033 Belee,
1865 2967 2049 3034 ipsum
2087 2965 2220 3018 hae-

277 3054 512 3105 reditate
553 3053 928 3122 contingentia
967 3071 1091 3105 cum
1125 3055 1378 3106 omnibus
1417 3053 1742 3106 utilitatibus
1782 3053 1916 3118 suis,
1956 3053 2102 3105 ultra
2141 3054 2221 3105 di-

277 3140 544 3192 visionem
584 3141 725 3192 inter
764 3141 920 3208 ipsos
961 3141 1258 3192 existentia
1284 3150 1478 3193 contra
1505 3141 1683 3192 Deum
1712 3150 1766 3193 et
1794 3141 1914 3211 ejus
1943 3140 2219 3193 Justitiam

275 3228 622 3296 recepissent
671 3259 734 3276 -.
796 3259 860 3265 ψ-
924 3259 989 3266 ——-
1048 3237 1409 3296 protestatur.
1483 3229 1697 3288 Quibus
1749 3229 1965 3298 quidem
2020 3227 2221 3280 litteris

279 3316 550 3381 praetacti
590 3314 829 3383 Capituli
872 3315 1149 3368 Posonien
1197 3348 1256 3354 -—
1304 3316 1755 3386 privilegialibus
1793 3317 1902 3367 imo
1942 3323 2218 3384 protesta-

395 3452 440 3509 3)
472 3452 642 3511 Supple
671 3454 834 3498 seriem
866 3454 1090 3498 Comitum
1120 3454 1483 3505 Posoniensium,
1515 3454 1587 3498 cui
1611 3453 1666 3498 ad
1689 3467 1727 3498 a.
1762 3448 1902 3497 1307
1930 3450 2216 3496 Hel-mannus

281 3523 471 3567 accedit.
