2358 3874
336 237 458 295 194

335 373 461 438 rale
492 370 674 437 edidit
697 372 1023 433 Decretum
1043 374 1096 447 5)
1121 387 1231 429 seu
1263 364 1418 451 quod
1450 364 1603 427 idem
1636 379 1748 444 est,
1782 366 1855 430 de
1886 367 2130 454 imperio
2161 390 2272 431 suo

338 458 618 543 populum
649 453 961 518 consuluit.

513 728 560 786 5)
591 726 796 775 Praesat.
831 725 975 773 Decr.
1012 724 1153 772 Com.
1197 739 1239 771 a.
1283 719 1436 771 1291
1494 721 1621 788 apud
1655 720 1934 770 Kovachich
1977 728 2026 771 et
2062 729 2152 772 art.
2191 705 2267 770 ΖΗ

340 810 451 861 anni
489 807 668 858 1298.

1210 987 1251 1063 g
1296 991 1396 1046 20.

339 1141 799 1204 consensitque,
857 1146 918 1188 nt
974 1138 1333 1187 Consiliarii
1394 1136 1510 1187 sibi
1562 1136 1809 1202 publico
1862 1135 2277 1202 adjungantur

1163 1221 1445 1273 consilio.

509 1379 683 1443 Nihil
713 1402 908 1465 neque
947 1379 1080 1457 hoc,
1125 1401 1317 1464 neque
1355 1379 1514 1442 aliud
1554 1380 1628 1442 de
1666 1402 1822 1442 anno
1855 1384 2023 1442 1298
2052 1380 2277 1442 Decre-

338 1480 463 1529 tum
502 1465 787 1528 Andreae
827 1467 938 1526 111.
979 1464 1051 1526 de
1089 1462 1413 1526 resistendi
1457 1464 1766 1537 facultate3
1817 1461 2042 1525 habent
2077 1474 2290 1526 tamen

338 1550 494 1612 aliud
526 1548 868 1612 auctoritati
905 1549 1113 1633 regiae
1143 1547 1329 1611 ferme
1377 1548 1627 1634 gravius
1669 1545 2124 1634 propugnaculi,
2155 1570 2278 1610 non

337 1648 459 1698 tam
484 1634 558 1696 ad
580 1632 885 1696 tutandam
909 1633 1144 1694 Bullam
1175 1655 1415 1695 auream
1434 1631 1720 1695 Andreae
1741 1635 1848 1708 II.,
1878 1653 2055 1717 quam
2077 1629 2150 1694 ad
2175 1630 2279 1694 ob-

340 1718 647 1780 sidendam
694 1739 891 1778 arcem
928 1715 1317 1780 Menai-chiae
1355 1715 1617 1803 patriae,
1676 1715 2002 1803 comparati
2058 1738 2277 1801 genus,

342 1802 498 1888 quod
535 1825 642 1887 per
682 1801 872 1863 iratos
917 1804 1184 1864 Henrico
1232 1803 1343 1862 ΠΙ.
1391 1804 1691 1864 Proceres
1728 1800 1998 1886 Angliae
2049 1799 2278 1863 adhibi-

338 1901 465 1949 tum
479 1893 555 1966 1);
589 1885 743 1972 apud
764 1889 1099 1972 Hungaros
1130 1885 1432 1948 nonnullis
1465 1885 1716 1949 obtentu
1743 1885 1903 1973 pacti
1932 1883 2278 1949 fundamen—

338 1972 497 2046 talis,
530 1972 760 2057 hocque
799 1970 1265 2057 comprehensae
1303 1969 1376 2034 de
1408 1971 1657 2034 consilio
1694 1992 2088 2058 personarum
2112 1969 2277 2056 *prin-

341 2055 614 2141 cipalium
647 2054 966 2130 cautionis3
1008 2055 1141 2118 aliis
1173 2068 1372 2119 autem
1401 2055 1582 2141 longe
1610 2055 1910 2142 plurimis,
1948 2054 2144 2117 instar
2171 2076 2276 2117 no-

340 2141 398 2202 vi
439 2141 699 2225 quidem,
739 2140 847 2202 sed
887 2140 1166 2226 oportuni
1207 2140 1280 2203 ad
1316 2140 1807 2226 praevertendam
1836 2137 2159 2203 resistendi
2188 2137 2275 2200 fa-

342 2226 623 2287 cultatem
655 2225 829 2285 medii
854 2225 1198 2301 laudatum,
1228 2225 1513 2288 Andreas
1542 2225 1704 2288 intra
1735 2226 1888 2287 fines
1919 2225 2123 2309 legum
2151 2225 2275 2286 De·

343 2323 506 2372 creto
555 2333 667 2371 suo
715 2309 1057 2393 inaugurali
1108 2309 1477 2373 conditarum
1531 2308 1777 2396 recepit.
1841 2313 1977 2372 Hoc
2022 2328 2157 2370 nam
2201 2331 2239 2368 u

344 2394 525 2455 verba
577 2407 686 2455 art.
717 2397 860 2455 Vll.
903 2394 1151 2456 Decreti
1199 2393 1381 2479 hujus
1433 2397 1651 2479 „juxta
1700 2394 2011 2457 consilium
2059 2329 2276 2455 Arellii-

343 2479 782 2564 episcoporum,
815 2477 1277 2563 Episcoporum,
1319 2490 1380 2540 et
1410 2478 1902 2541 consiliariorum
1932 2489 2276 2540 nostrorum

524 2752 565 2810 1)
597 2750 690 2799 Per
719 2751 1051 2815 provisiones,
1095 2749 1273 2814 quibus
1306 2751 1670 2801 Oxoniensihus
1712 2765 1912 2800 nomen.
1961 2749 2147 2799 Harum
2179 2750 2272 2799 vini

342 2848 682 2898 summamque
715 2851 774 2884 ex
804 2835 1113 2884 Bertonianis
1142 2835 1408 2885 Annalibus
1428 2835 1694 2884 Hallamius
1725 2851 1770 2884 c.
1804 2851 1853 2883 0.
1874 2832 1944 2883 Τ.
1978 2833 2040 2883 11.
2074 2849 2125 2898 p.
2150 2831 2271 2883 225

342 2933 398 2965 ex
436 2917 541 2965 aliis
574 2918 805 2982 operibus
845 2920 1090 2981 classicis,
1124 2920 1194 2969 uti
1226 2927 1366 2969 sunt:
1408 2919 1596 2984 Report
1633 2920 1688 2969 of
1718 2919 1802 2968 the
1841 2917 1999 2968 Lords
2032 2918 2273 2969 Commit-

338 3008 442 3050 tees
476 3008 569 3050 cet.
597 2996 818 3051 Lond'res
862 3001 1020 3055 1820
1063 3004 1113 3052 in
1152 3004 1234 3053 fol.
1284 3004 1400 3052 Acta
1438 3003 1635 3067 publica
1674 3003 1869 3067 Rymeri
1907 3003 2102 3052 novitus
2144 3003 2272 3053 edita

340 3092 388 3133 et
435 3086 738 3135 recentiores
781 3087 1260 3136 Cmnmentariorum
1310 3086 1598 3152 Edinburgh
1644 3088 1819 3137 review
1863 3088 1986 3137 tomi
2033 3094 2128 3137 cet.
2166 3088 2274 3146 -de-

339 3170 533 3218 ductam
569 3170 916 3220 celeberrimus
936 3172 1167 3221 Guizotus
1198 3172 1249 3220 in
1281 3186 1370 3221 suo
1406 3172 1622 3233 „Essais
1656 3188 1741 3222 sur
1769 3172 1917 3222 l'hist.
1952 3172 2012 3221 de
2042 3172 2268 3221 France“

336 3268 387 3315 p.
423 3248 544 3302 455
587 3261 634 3304 et
674 3272 811 3320 seqq.
855 3257 1148 3321 compendio
1184 3256 1395 3306 exhibet.
1447 3257 1570 3306 Cum
1587 3257 1782 3322 ‘quibus
1814 3248 2059 3323 non'fsine
2107 3257 2271 3305 fructu

337 3345 427 3386 art.
473 3337 526 3387 7.
564 3336 618 3388 9.
657 3336 754 3389 31.
789 3341 932 3390 Decr.
973 3358 1016 3390 a.
1059 3338 1213 3391 1291
1252 3341 1366 3390 item
1408 3348 1499 3391 art.
1539 3341 1592 3391 7.
1630 3340 1727 3392 20.
1765 3338 1862 3391 21.
1899 3337 1998 3391 23.
2034 3334 2131 3389 24.
2166 3334 2266 3389 42.

337 3415 435 3469 43.
477 3421 619 3472 Decr.
662 3440 705 3473 a.
747 3423 906 3475 1298
940 3426 1271 3477 contenderis
1497 3455 1501 3457 >
