2358 3874
1942 213 2102 265 XXV

169 349 456 402 torialibus
495 345 784 409 exhibitis,
838 355 893 397 et
923 347 1176 414 partibus
1217 362 1320 398 suo
1372 347 1534 398 modo
1576 346 1903 414 explicatiS,
1942 362 2102 414 prae·

169 438 347 488 dictus
383 433 678 487 Ladislaus
716 432 890 485 Filius
928 433 1214 485 Eustachii
1256 434 1539 503 objecerat
1576 434 1683 485 isto
1722 434 1917 484 modo:
1958 434 2109 502 quod.

167 522 432 592 praedicti
447 520 569 572 Filii
586 519 906 588 Stephanus
926 529 980 572 et
999 520 1241 573 Michael
1256 521 1455 572 Frater
1473 521 1601 573 dicti
1616 519 2102 587 Dionisii—ipsam

167 608 497 679 particulam
551 607 762 659 Terrae
809 608 1143 676 emptitiam,
1200 608 1392 676 plures
1443 607 1754 677 particulas
1809 616 1993 659 terrae
2046 607 2103 658 in

166 696 313 749 dicta
350 696 712 765 possessione
739 694 960 747 Karcza
1005 704 1208 747 vocata
1246 704 1500 748 tenerent
1540 705 1593 748 et
1631 696 2000 764 possiderent,
2034 695 2104 746 de

166 783 364 853 quibus
414 791 474 835 ut
530 782 901 852 praemittitur
948 781 1270 834 divisionem
1323 782 1530 835 habere
1582 782 1754 835 vellet
1793 795 2102 852 congruen-

163 879 276 924 tem
324 871 604 939 aequitate
661 871 1158 938 superaccedente.
1208 871 1418 922 Verum
1471 871 1599 940 quia
1656 870 1925 939 praedicti
1980 867 2102 920 Filii

163 957 482 1026 Stephanus
521 966 575 1009 et
613 954 857 1008 Michael
897 957 1096 1008 Frater
1137 957 1264 1008 dicti
1301 957 1534 1009 Dionisii
1573 966 1849 1026 partes—
1898 987 1962 995 ——-
2006 972 2099 1008 eo-

162 1063 282 1096 rum
310 1044 789 1114 possessionarias
828 1044 930 1096 sibi
972 1044 1223 1096 emtionis
1255 1043 1410 1096 titulo
1439 1046 1778 1112 pertinentes
1804 1061 1866 1096 se
1891 1044 2101 1096 habere

161 1132 503 1203 allegarunt,
543 1140 597 1184 et
635 1131 744 1184 hoc
782 1132 1147 1184 mediantibus
1190 1131 1315 1183 Lris
1359 1133 1487 1184 dicti
1528 1131 1770 1201 Capituli
1804 1131 2098 1184 Posonien.

162 1219 606 1290 PrivilegiaIibus
648 1221 1103 1287 comprobarant,
1147 1220 1352 1272 dictam
1398 1219 1559 1271 etiam
1591 1219 2100 1271 possessionariam

160 1310 468 1379 portionem
511 1324 719 1370 eorum,
760 1315 995 1375 excepta
1036 1308 1181 1360 dicta
1225 1307 1673 1376 possessionaria
1700 1307 1954 1375 portione
1988 1323 2099 1358 em-

160 1398 280 1450 titia
319 1397 447 1448 dicti
483 1396 679 1447 Dubur
731 1394 822 1447 avi
863 1412 1084 1457 eorum,
1134 1413 1258 1447 cum
1306 1396 1499 1446 eodem
1537 1393 1799 1446 Ladislao
1853 1394 2097 1446 dividere

157 1484 302 1538 velle
358 1483 660 1535 retulerunt
693 1513 765 1518 ——
794 1512 860 1519 --
890 1513 961 1519 -—
1003 1483 1205 1534 dictam
1243 1483 1747 1551 possessionariam
1790 1482 2097 1549 portionem

161 1572 465 1640 emptitiam
517 1570 645 1622 dicti
696 1569 892 1621 Dubur
939 1570 1032 1623 avi
1084 1570 1169 1622 sui
1217 1588 1321 1638 per
1373 1571 1714 1638 praedictum
1760 1599 1823 1607 -—
1885 1577 2098 1637 patrem

162 1677 341 1722 suum,
382 1660 434 1711 in
477 1660 717 1727 quadam
757 1674 859 1709 sua
900 1658 1198 1710 concordia
1238 1658 1604 1710 mediantibus
1629 1657 1803 1710 literis
1832 1656 2100 1725 praedicti

158 1747 424 1799 Hermani
478 1745 706 1798 Comitis
746 1744 1106 1796 Posoniensis
1156 1744 1339 1809 facta,
1381 1746 1531 1797 cisde
1596 1744 1763 1797 Belee
1823 1753 1877 1796 et
1929 1744 2099 1796 Petro

164 1835 537 1905 resignatam,
577 1833 769 1902 plures
807 1833 1062 1900 possrias
1100 1833 1387 1901 portiones
1439 1834 1491 1885 in
1543 1833 1687 1885 dicta
1737 1833 2100 1901 possessione

156 1922 379 1976 Kareza
405 1923 629 1973 eosdem
660 1920 803 1972 filios
834 1920 1178 1990 Stephanum
1201 1930 1253 1972 et
1266 1920 1597 1973 Michaelem
1619 1920 1847 1973 fratrem
1864 1920 2096 1972 Dionisii

165 2011 443 2062 -interse
485 2010 733 2077 quamvis
776 2009 1082 2061 comuniter
1119 2009 1402 2077 requirere
1441 2017 1496 2061 et
1534 2009 1777 2062 dividere
1817 2008 1959 2061 velle
2002 2009 2096 2060 de-

162 2097 468 2160 clarabant,
507 2097 791 2165 Nobisque
840 2104 894 2147 et
932 2095 1118 2166 Regni
1156 2096 1443 2149 Nobilibus
1481 2107 1612 2149 tunc
1656 2096 1709 2147 in
1741 2096 1948 2166 judicio
1987 2095 2097 2146 No-

160 2186 370 2238 biscum
397 2183 830 2236 adhaerentibus
868 2183 922 2234 in
951 2200 1036 2247 eo,
1070 2191 1254 2236 utrum
1283 2184 1462 2235 dictae
1488 2183 1775 2251 portiones
1802 2182 2097 2251 possoriae

156 2274 212 2325 in
251 2274 395 2325 dicta
435 2271 791 2340 possessione
830 2270 1054 2323 Karcza
1091 2279 1293 2323 vocata
1331 2273 1479 2338 apud
1521 2272 1750 2323 eundem
1777 2269 2097 2322 Ladislaum

156 2361 327 2413 filium
367 2358 654 2412 Eustachii
698 2388 761 2395 -
796 2389 854 2395 —-
892 2389 961 2395 ——
999 2358 1234 2410 Dionisii
1274 2359 1648 2427 perennaliter
1685 2358 1958 2421 habeant,
2003 2356 2098 2410 vel

159 2448 307 2518 quali
346 2449 595 2516 ipsorum
647 2448 715 2498 de
757 2447 961 2498 eisdem
1005 2477 1068 2485 —-
1112 2477 1184 2484 --
1237 2447 1584 2515 portionibus
1623 2477 1688 2484 --
1733 2455 1787 2498 et
1825 2446 2095 2498 certitudo

156 2536 344 2604 aliqua
370 2537 582 2603 absque
606 2534 809 2586 rescita
832 2535 1069 2586 veritate
1096 2536 1529 2603 praemissorum
1553 2535 1694 2587 inter
1717 2542 1909 2603 partes
1935 2549 2095 2601 prae-

159 2631 384 2675 notatas
442 2620 712 2694 Judicium
767 2630 821 2673 et
877 2621 1151 2673 Justitiam
1202 2653 1266 2660 —-
1312 2654 1378 2660 —
1426 2621 1617 2674 facere
1658 2652 1724 2659 -
1768 2651 1834 2659 —-
1883 2650 1945 2659 ——
1997 2637 2094 2671 no-

157 2711 370 2763 biscum
408 2710 461 2760 in
503 2707 717 2761 Judicio
757 2710 1131 2762 assidentibus
1173 2741 1239 2749 —
1271 2711 1584 2780 judicantes
1624 2711 1769 2779 quod
1809 2718 1882 2746 —÷
1920 2707 2097 2760 nostri

160 2796 306 2849 infra
347 2796 667 2848 declarandi
691 2828 755 2834 ——
783 2796 1026 2865 Capituli
1064 2798 1382 2865 praenotati
1412 2798 1670 2849 —Festo
1710 2796 1872 2848 Beati
1900 2793 2096 2847 Jacobi

157 2884 415 2952 Apostoli
446 2893 576 2936 tunc
598 2893 832 2956 venturo
873 2886 943 2936 ad
976 2883 1175 2937 faciem
1205 2886 1526 2953 praedictae
1567 2884 1847 2953 possionis
1871 2883 2095 2934 Karcza

157 2979 393 3023 vocatae
432 2971 626 3023 vicinis
677 2981 731 3024 et
779 2973 1176 3026 commetaneis
1219 3004 1285 3010 ——
1334 3003 1392 3010 —-
1457 2972 1779 3025 convocatis
1831 2979 1885 3023 et
1932 2986 2093 3039 prae-

156 3058 405 3111 sentibus
439 3088 503 3095 —-
544 3057 636 3110 vel
677 3075 866 3111 eorum
914 3060 1172 3130 legitimis
1212 3060 1669 3129 procuratoribus
1707 3058 2097 3128 praesentibus

157 3145 473 3196 accedendo
513 3144 831 3212 praedictas
858 3148 999 3198 duas
1025 3148 1510 3215 possessionarias
1537 3148 1824 3214 portiones
1861 3145 1913 3195 in
1939 3143 2092 3195 dicta

158 3230 520 3298 possessione
559 3230 784 3282 Karcza
841 3243 1044 3285 vocata
1082 3234 1330 3296 habitaS,
1383 3242 1620 3302 excepta
1674 3234 1821 3286 dicta
1864 3246 2094 3299 posses-

155 3316 398 3369 sionaria
437 3317 688 3384 portione
730 3319 975 3387 emptitia
1015 3319 1142 3371 dicti
1167 3320 1362 3372 Dubur
1402 3320 1454 3372 in
1495 3322 1688 3372 eadem
1729 3317 2087 3387 possessione

157 3404 456 3464 existente,
494 3404 903 3456 reambularent
942 3423 1046 3474 per
1084 3422 1251 3458 veras
1302 3423 1436 3460 suas
1476 3415 1683 3471 metaS,
1725 3415 1780 3458 et
1816 3405 2094 3473 antiquas,

158 3489 307 3542 facta
347 3498 399 3540 et
439 3489 562 3557 ipsa
601 3491 1033 3545 reambulatione
1068 3520 1134 3532 -ν
1165 3524 1225 3532 —-
1258 3496 1468 3564 absque
1510 3493 1774 3563 scrupulo
1802 3491 2093 3562 cujuslibet
