2358 3874
347 209 524 262 XL1V

349 342 531 394 dictae
570 341 739 394 villae
779 340 1093 394 Zilasluche
1145 358 1303 392 suum
1363 358 1588 394 cursum
1646 343 1860 397 faceret
1917 354 1971 397 et
2026 361 2126 413 per
2179 345 2287 398 hoc

254 494 257 498 Ι
347 429 473 497 ipsa
510 430 801 498 possessio
859 428 1072 498 regalis
1122 443 1155 479 a
1205 437 1366 496 parte
1419 429 1601 481 dictae
1638 429 1806 482 villae
1845 430 2288 486 Etreh‘Karcha

350 516 610 569 restricta
649 516 949 568 haberetur
987 532 1090 583 pro
1131 514 1367 583 pacifico
1407 524 1557 568 statu
1594 516 1918 582 incolarum,
1959 528 2014 571 et
2051 520 2286 589 populo-

348 621 469 655 rum
509 603 780 673 regalium
819 603 871 654 in
912 603 1036 671 ipsa
1067 602 1401 671 Zylasluche
1441 604 1842 656 comorantium
1882 606 2151 674 ampliare
2190 624 2287 659 vo·

348 691 582 742 luissent
618 691 670 742 in
711 690 858 742 hunc
901 692 1149 755 modum,
1206 693 1351 760 quod
1393 693 1625 744 eandem
1664 700 1905 756 terram,
1955 708 2121 761 quam
2161 694 2289 746 dicti

348 776 543 845 populi
581 777 808 847 regales
846 795 949 845 per
987 778 1492 848 transgressionem
1547 779 1676 831 dicti
1715 779 1867 831 fluvii
1906 778 2090 831 Barch
2139 797 2174 832 a
2213 781 2288 832 di-

348 865 451 916 ctis
488 864 760 916 nobilibus
798 865 1299 933 reimpedivissent,
1340 882 1499 918 suam
1538 865 1661 918 fore
1703 867 2036 929 asserendn,
2076 867 2285 919 eisdem

347 950 572 1020 populis
610 951 897 1021 regalibus
937 952 1269 1021 relinquere,
1309 953 1434 1005 loco
1475 954 1596 1022 ejus
1639 955 1707 1005 de
1749 955 1940 1005 eadem
1977 952 2290 1006 Zilasluche

347 1040 400 1091 in
442 1056 511 1091 ea
549 1039 635 1090 sui
674 1049 865 1107 parte,
921 1040 1015 1092 ubi
1055 1040 1509 1093 eo'mmetaneitas
1551 1041 1731 1108 ipsius
1767 1040 1935 1093 villae
1974 1039 2291 1093 Zilasluche

350 1126 530 1179 dictae
570 1127 917 1194 possessioni
957 1127 1275 1179 Zilasluche
1317 1128 1681 1197 propinquius
1724 1129 2021 1198 conjuncta
2056 1128 2291 1180 habere-

348 1222 456 1277 tur,
495 1216 835 1265 tantumdem
875 1214 1199 1266 exscindere
1242 1223 1297 1266 et
1335 1215 1428 1267 via
1470 1216 1892 1283 permutationis
1923 1215 2317 1284 praescriptis>

348 1299 620 1353 nobilibus
673 1303 742 1352 de
800 1302 1077 1354 antedicta
1116 1302 1290 1353 Etreh
1328 1302 1557 1355 Karcha
1616 1305 1752 1355 dare
1799 1302 2137 1367 voluissent,
2198 1302 2293 1356 ubi

351 1388 481 1456 quia
520 1389 855 1458 praescripti
893 1389 1088 1458 populi
1127 1389 1358 1460 regales
1395 1390 1505 1442 hoc
1548 1390 1629 1443 sic
1668 1390 1786 1444 fieri
1825 1390 2046 1442 minime
2085 1389 2293 1442 voluis-

352 1484 506 1540 sent,
569 1476 698 1528 Ideo
755 1477 898 1529 sicut
935 1477 1190 1545 primitus
1229 1476 1460 1541 fuisset,
1514 1479 1597 1530 sic
1635 1496 1671 1531 a
1711 1480 1874 1531 modo
1912 1478 1966 1529 in
2005 1485 2292 1545 posterum

352 1563 556 1614 dictum
595 1562 823 1615 fluvium
861 1563 1046 1616 Barch
1084 1564 1227 1615 inter
1264 1564 1421 1632 ipsas
1459 1565 1853 1632 possessiones
1891 1562 2207 1615 Zilasluche
2241 1573 2296 1615 et

353 1649 522 1701 Etreh
564 1648 794 1702 Karcha
854 1669 957 1719 pro
1012 1659 1160 1702 meta
1213 1652 1637 1718 deputavissent
1697 1660 1863 1720 atque
1920 1650 2294 1719 reliquissent.

352 1738 412 1788 ln
453 1738 612 1806 cujus
651 1738 732 1789 rei
774 1739 1099 1790 memoriam
1127 1746 1456 1806 perpetuam
1484 1747 1813 1807 praesentes
1851 1737 2046 1790 literas
2071 1745 2296 1790 nostras

353 1823 732 1895 privilegiales
772 1826 1062 1894 pendentis
1106 1825 1276 1896 sigilli
1315 1827 1506 1878 nostriv
1528 1827 1831 1883 authentici
1868 1825 2160 1881 munimine
2205 1843 2294 1877 ro·

352 1913 581 1964 boratas
614 1913 868 1964 duximus
895 1915 1298 1966 concedendas·
1333 1913 1538 1965 Datum
1562 1915 1834 1985 vigesimo
1861 1921 2026 1965 sexto
2064 1913 2151 1964 die
2189 1912 2298 1964 diei

354 2000 700 2067 praemissae
741 2001 1081 2053 executionis
1132 2018 1279 2053 anno
1317 2001 1538 2053 Domini
1591 2001 1880 2055 millesimo
1921 2001 2291 2076 quadringen-

355 2087 551 2139 tesimo
589 2088 859 2158 vigesimo
899 2088 1082 2140 tertio·
1123 2089 1210 2155 (In
1249 2087 1407 2140 infer.
1447 2106 1627 2159 marg.
1669 2090 1824 2142 Zona
1860 2089 2052 2142 viridis
2091 2086 2296 2158 sigillo,

354 2176 501 2250 quod
539 2192 850 2245 appensum
890 2175 1008 2240 fuit,
1043 2176 1160 2251 jam
1200 2193 1348 2227 nunc
1387 2176 1752 2245 destitutum.)

1247 2583 1392 2653 XI.

359 2731 606 2793 Literae
631 2732 900 2795 Mathiae
923 2737 969 2794 l.
1002 2733 1195 2818 Regis
1223 2732 1295 2796 de
1320 2756 1369 2794 a.
1396 2740 1579 2808 1466,
1614 2732 1829 2817 quibus
1863 2745 2087 2796 statum
2120 2732 2296 2794 liber-

359 2844 503 2906 tatis
534 2847 837 2931 antiquum
870 2854 1221 2933 populorum
1246 2846 1452 2909 Castri
1477 2845 1873 2908 Posoniensis
1902 2845 1974 2908 de
1997 2845 2298 2908 Districtu

783 2961 955 3023 ‚Gelle
991 2961 1193 3040 (Gelle
1233 2960 1441 3039 videk)
1486 2958 1863 3028 instauravit.

509 3129 627 3181 Nos
666 3130 913 3183 Mathias
952 3132 1059 3184 Dei
1098 3132 1283 3202 gratia
1323 3131 1450 3183 Rex
1489 3131 1814 3201 Hungariae
1854 3138 1960 3183 cet.
1998 3131 2297 3183 memoriae

362 3219 807 3271 commendamus
846 3228 1038 3272 tenore
1078 3219 1456 3288 praesentium
1498 3218 1909 3290 significanteS,
1967 3219 2165 3288 quibus
2204 3235 2298 3270 ex-

363 3304 529 3370 pedit,
568 3306 862 3371 universiS,
901 3309 1046 3376 quod
1088 3307 1279 3360 fideles
1320 3307 1496 3360 nostri
1535 3307 1754 3375 providi
1786 3305 2122 3363 Benedictus
2155 3305 2300 3358 filius

364 3389 624 3444 Andreae
666 3394 721 3445 in
760 3393 1268 3461 Csento'falva,
1291 3396 1477 3448 Lucas
1493 3395 1638 3447 filius
1660 3394 1812 3446 Petri
1830 3395 1884 3446 in
1902 3390 2136 3465 Egyha
2152 3409 2297 3445 zos-

368 3475 549 3529 l‘aka
573 3516 587 3542 ,
629 3478 897 3551 Aegidius
937 3483 1081 3535 filius
1119 3483 1349 3537 Joannis
1389 3484 1443 3535 in
1482 3481 1977 3553 Nagy-Luche‚
2018 3480 2297 3550 Georgius
