2280 3918
1960 190 2042 248 35

605 455 1016 522 VH.Rex
1093 453 1426 540 Geysa
1503 455 1552 519 L

713 610 771 659 ab
804 625 930 659 anno
970 603 1127 659 1074
1156 638 1222 644 --
1257 606 1434 658 1077.

986 772 1029 847 ς
1076 774 1170 829 15.

120 926 386 976 Praefuit
425 941 539 975 non
582 926 703 984 diu,
750 924 851 974 sed
899 939 1029 973 rara
1077 939 1139 973 ea
1186 924 1572 975 fortitudinis
1618 934 1673 975 et
1703 927 2036 978 modestiae

119 1012 320 1071 laude,
378 1018 437 1061 ut
466 1025 762 1074 nunquam
817 1025 935 1059 non
983 1009 1042 1059 in
1081 1025 1175 1070 ec,
1228 1009 1382 1074 quod
1429 1010 1558 1074 ipsa
1607 1012 1721 1060 sihi
1767 1021 2038 1077 praestat

444 1095 665 1155 virtuS‚
707 1095 971 1160 praemio
1005 1095 1326 1159 plurimum
1361 1095 1706 1147 collocaret.

292 1258 503 1339 Geyza
533 1255 782 1318 lustrico
827 1254 1062 1318 nomine
1096 1258 1382 1341 MagnUS,
1423 1258 1714 1318 communi
1752 1256 1892 1321 licet
1923 1260 2035 1322 Or-

121 1340 315 1403 dinum
350 1341 706 1425 Hungariae
744 1340 1133 1404 consensione
1164 1364 1317 1403 anno
1344 1349 1525 1404 1074.
1552 1345 1682 1405 Rex
1714 1345 2037 1429 proclama-

118 1439 217 1488 tus
257 1439 452 1502 esset,
492 1425 681 1487 Ducis
713 1449 876 1488 usus·
903 1426 1077 1488 titulo
1117 1425 1367 1503 mereri,
1410 1450 1582 1512 quam
1619 1451 1834 1513 gerere
1876 1453 2037 1493 coro-

116 1535 280 1588 nam,
329 1534 646 1597 curamque
680 1510 973 1574 libertatis
1006 1533 1074 1573 ac
1118 1511 1331 1573 salutis
1374 1512 1678 1598 publicae,
1725 1537 1898 1599 quam
1943 1535 2035 1578 r'e—

119 1597 204 1683 gii
245 1597 626 1683 principatus
663 1620 805 1684 prae
851 1620 916 1658 se
957 1597 1113 1658 ferre
1153 1596 1430 1659 indicium
1473 1596 1761 1662 hactenus
1809 1601 2034 1679 maluit,

121 1682 309 1768 quoad
359 1681 505 1745 haec
557 1685 686 1768 ejus
735 1681 1024 1745 modestia
1073 1682 1341 1768 componi
1392 1706 1457 1745 se
1519 1707 1649 1746 cum
1705 1685 2037 1749 rationibus

119 1768 489 1830 autonomiae
547 1767 721 1853 regni
774 1780 1093 1855 pateretur.
1152 1771 1232 1830 Et
1277 1791 1386 1855 per
1427 1768 1486 1832 id
1532 1769 1763 1855 quidem
1804 1782 2038 1859 tempus

121 1876 309 1930 omne,
331 1877 444 1938 quo
480 1852 532 1916 ei
566 1853 871 1939 negotium
915 1877 1045 1915 cum
1080 1853 1343 1916 Henrico
1370 1857 1481 1917 IV.
1515 1858 1880 1942 Imperatore
1952 1860 2038 1919 in-

118 1942 420 2015 tercessit,
456 1938 643 2000 Ducis
680 1939 804 2024 egit
835 1940 1102 2016 nomine,
1138 1952 1204 2001 ut
1243 1963 1415 2025 quam
1456 1939 1551 2002 hic
1591 1965 1662 2004 ex
1705 1955 1880 2028 pacto
1906 1966 2036 2004 cum

121 2025 437 2088 Solomone
478 2023 655 2101 inito,
703 2024 818 2086 sibi
866 2024 1089 2088 fecerat
1118 2024 1493 2110 Hungariam
1535 2027 1775 2111 juribus
1809 2027 2038 2115 imperii

120 2109 472 2195 germanici,
518 2109 946 2172 munitissimas
989 2133 1131 2173 vero
1167 2133 1276 2172 sex
1327 2111 1508 2173 urbes
1546 2112 1869 2175 ditionibus
1909 2113 2035 2176 suis

123 2195 428 2281 adjiciendi
471 2219 667 2282 spem,
716 2219 831 2281 qua
878 2196 1073 2282 paciS,
1117 2218 1232 2281 qua
1262 2195 1400 2259 belli
1432 2197 1691 2275 artibuS‚
1723 2212 2034 2263 everteret.

120 2280 284 2344 Idem
323 2304 633 2357 coronam,
688 2281 1040 2367 titulumque
1089 2282 1277 2367 Regis
1327 2290 1550 2364 (1075)
1607 2283 1849 2362 sumsit,
1900 2285 2034 2348 dum

120 2366 423 2452 praesenti
460 2366 754 2430 libertatis
792 2367 1021 2453 patriae
1067 2366 1357 2430 adversus
1384 2370 1720 2438 ,Caesarem
1770 2370 2032 2457 periculo

121 2451 464 2528 defunctus,
498 2451 685 2528 aliud,
738 2452 892 2515 unde
939 2452 1174 2515 minime
1212 2466 1618 2540 exspectaret,
1661 2454 1801 2517 huic
1848 2456 2033 2518 immi-

119 2559 292 2614 nere,
335 2537 810 2622 Gregoriumque
841 2541 984 2600 Vll.
1027 2538 1378 2602 Pontificem
1412 2540 1735 2603 Maximum
1775 2565 1893 2604 non
1934 2543 2034 2605 oh-

121 2644 295 2684 scure
328 2621 624 2685 dominum
657 2645 723 2684 se
754 2622 1106 2707 Hungariae
1136 2623 1323 2698 ferre3
1357 2648 1488 2687 eum
1520 2650 1659 2689 vero
1681 2627 1869 2688 Ducis
1903 2639 2032 2689 tan-

120 2720 245 2771 tum
284 2707 517 2793 dignari
563 2707 736 2770 titulo
779 2707 1161 2793 intelligeret.
1217 2703 1489 2773 Praefuit
1535 2709 1632 2772 hic
1677 2735 1867 2797 regno
1915 2737 2033 2776 non

121 2793 248 2870 diu,
300 2793 406 2856 sed
448 2816 518 2856 ea
560 2792 844 2855 virtutum
886 2793 1085 2870 laude,
1137 2807 1203 2857 ut
1243 2817 1370 2857 cum
1402 2795 1829 2859 faustissimum
1854 2822 2031 2862 >omen

122 2877 371 2942 nominis
398 2878 667 2964 Magni,
690 2877 911 2964 judicio
945 2879 1219 2957 omnium,
1252 2881 1518 2967 expleret
1548 2883 2030 2961 cumulatissime,

123 2963 224 3026 uni
254 2963 369 3026 sibi
398 2987 515 3026 non
547 2964 938 3028 satisfaceret.
974 2965 1235 3050 Cognito
1265 2989 1517 3053 namque
1546 2991 1733 3031 novas
1764 2970 2029 3033 Salomo-

122 3072 255 3112 nem
283 3071 383 3111 res
414 3049 633 3126 moliri,
669 3050 977 3114 consilium
1008 3050 1151 3114 adiit
1180 3052 1362 3137 longe
1387 3052 1740 3128 maximum3
1773 3078 1847 3117 ne
1871 3055 2024 3116 enim

122 3157 375 3220 regnum
424 3133 724 3197 intestinis
772 3135 945 3198 hellis
993 3137 1422 3223 conflagraret,
1476 3138 1715 3202 utilitati
1761 3139 2028 3226 publicae

126 3243 268 3283 suas
308 3215 716 3305 posthabendo
761 3221 1052 3299 rationeS‚
1106 3222 1277 3308 regia
1326 3247 1392 3286 se
1424 3223 1713 3310 dignitate
1753 3224 2028 3287 abdicare

30 3380 35 3385 .
125 3304 448 3368 constituit.
495 3304 618 3367 Sed
657 3304 726 3368 de
765 3328 832 3368 re
861 3305 974 3368 hac
1005 3329 1136 3369 cum
1165 3308 1483 3372 Salomone
1514 3309 1839 3395 agitantem
1867 3333 2028 3374 mors

125 3390 394 3454 humanis
425 3388 653 3454 exemit.

1575 3571 1652 3626 3*
