2280 3918
295 229 376 283 38

295 366 458 428 tione
487 363 597 425 hac
625 362 836 437 refert,
870 372 937 423 ut
972 381 1087 420 non
1119 357 1310 419 solum
1347 354 1529 416 armis
1552 355 1859 418 Victorem
1891 379 2025 423 eum
2053 360 2206 419 stre-

297 473 497 526 nuum,
531 447 636 511 sed
667 445 958 531 religione
989 456 1048 506 et
1078 440 1395 504 sanctitate
1424 439 1722 525 insignem
1750 452 2023 504 testetur.
2064 444 2207 503 Non

293 537 493 621 itaque
543 532 615 595 ad
646 530 1006 617 augendam,
1050 540 1116 590 ut
1150 526 1346 590 verbis
1380 547 1583 588 eorum
1632 538 1786 603 utar,
1819 525 1924 589 sed
1954 526 2207 589 redinte-

297 619 584 706 grandam
626 619 783 703 juris
837 615 962 677 suis
1021 634 1360 676 mensuram
1413 610 1717 697 profectus
1765 633 1897 673 cum
1945 611 2208 674 exercitu

296 705 636 779 Ladislaus,
679 703 1003 788 superatiS,
1037 722 1184 784 quas
1216 697 1442 760 ferreas
1474 707 1716 772 vocant,
1748 695 2038 782 Alpibus,
2072 718 2209 759 con-

297 790 593 874 sertisque
630 787 868 873 praeliis
901 785 1155 870 aliquot,
1186 795 1415 870 partem
1445 781 1722 844 Croatiae
1754 780 2207 844 mediteraneam

294 876 354 936 in
399 885 755 962 potestatem
785 881 953 934 suam
981 868 1231 955 redegit.

1162 1059 1204 1135 ς
1250 1062 1347 1118 20.

297 1216 446 1266 Huic
475 1215 695 1263 Almum
738 1212 1031 1277 praefecit
1070 1211 1311 1273 Ducem3
1354 1211 1804 1275 proximumque
1843 1210 1910 1260 ab
1949 1210 2060 1260 hoc
2090 1209 2212 1260 Ma-

298 1301 616 1366 gistratum
648 1314 828 1362 porro
861 1313 1092 1362 quoque
1123 1297 1346 1346 Banum
1378 1296 1715 1355 constituit,
1749 1304 1808 1345 et
1838 1296 2082 1345 condita
2111 1295 2212 1345 Za-

384 1384 620 1450 grabiae
657 1382 1013 1448 Episcopali
1053 1382 1192 1432 sede
1230 1381 1575 1431 Praesulem
1611 1381 1939 1431 nominavit
1972 1381 2129 1446 ipse;

431 1555 831 1622 Moderandae
861 1555 1196 1644 provinciae
1226 1555 1361 1617 huic
1377 1555 1619 1618 Almum
1643 1554 1870 1629 deinde,
1902 1579 1975 1617 ex
2004 1557 2217 1639 Geyza

297 1646 483 1708 fratre
513 1656 785 1729 nepotem
814 1665 1098 1728 praeesse
1124 1642 1330 1728 jussit,
1363 1653 1423 1704 et
1455 1664 1604 1726 quae
1634 1653 1808 1703 antea
1837 1640 1990 1702 Bani
2021 1640 2216 1703 suerat

297 1743 597 1818 potestaS,
649 1727 802 1790 hanc
843 1752 961 1791 non
991 1727 1161 1790 modo
1219 1727 1615 1804 confirmavit,
1668 1725 1772 1789 sed
1821 1724 2247 1812 Magistratus

300 1817 708 1879 Palatinorum
751 1813 811 1874 in
854 1811 1169 1897 Hungaria
1211 1811 1537 1875 adsimilem
1579 1834 1714 1875 esse
1755 1811 1956 1873 voluit.
2009 1811 2214 1878 Eccle-

301 1902 450 1963 siam
479 1898 829 1985 ⁴Zagrabiae
863 1898 1122 1961 condidit
1158 1897 1484 1961 honoribus
1533 1895 1583 1958 d.
1617 1895 1906 1983 Stephani
1951 1920 2000 1958 a.
2045 1904 2209 1960 1087

301 1999 641 2049 sanctorum
664 1983 1207 2070 numeroadscripti
1239 1983 1507 2060 dicatam,
1535 1982 1876 2068 adjectaque
1902 1981 2038 2044 huic
2069 1982 2211 2044 sede

302 2069 661 2158 Episcopali,
693 2069 943 2156 primum
979 2068 1170 2155 hujus
1193 2069 1545 2132 Antistitem
1574 2067 1715 2130 Duh
1746 2069 1985 2153 linguae
2026 2071 2209 2130 Croa-

300 2171 804 2241 tarum,quorum
851 2178 991 2242 pars
1036 2179 1253 2240 magna
1305 2153 1561 2217 nondum
1602 2152 1940 2216 christianis
1980 2152 2210 2215 initiata

305 2243 495 2306 sacris
522 2241 653 2317 fuit,
685 2263 956 2326 gnarum,
986 2264 1093 2327 pro
1124 2263 1400 2328 supremo
1425 2243 1563 2326 jure
1595 2251 1945 2326 patronatus
1973 2241 2209 2324 Regum

303 2327 652 2414 Hungariae
693 2325 1012 2390 constituit.
1879 2334 1898 2337 ”

1162 2502 1204 2578 g
1251 2505 1346 2560 21.

391 2671 519 2707 cum
560 2653 720 2719 juris
767 2654 859 2704 sui
915 2653 1080 2720 Regii
1126 2653 1507 2719 praecipuam
1561 2669 1795 2719 semper
1845 2652 2124 2704 hahuerit

1099 2739 1414 2790 rationem.

475 2897 602 2960 Sub
627 2897 776 2960 idem
807 2911 1039 2986 tempus
1072 2898 1404 2984 Gregorius
1437 2901 1575 2961 VII.
1608 2896 1680 2960 ad
1712 2895 2053 2974 resecanda,
2086 2896 2208 2984 qui-

308 2985 421 3047 bus
450 2982 562 3045 viri
591 2983 878 3069 religione
910 2984 1063 3047 sacri
1094 3008 1199 3071 per
1235 2983 1562 3070 legitimum
1592 2983 2021 3047 matrimonium
2053 2980 2209 3045 civili

310 3070 481 3132 simul
513 3069 794 3152 potestati
833 3070 1249 3155 alligabantur,
1281 3069 1533 3145 vincula,
1567 3067 2072 3155 hierarchiamque
2101 3090 2208 3155 per

307 3151 616 3219 ecclesiam
656 3154 1096 3232 occidentalem,
1149 3178 1298 3217 novo
1341 3155 1582 3241 copulae
1635 3178 1857 3241 genere
1915 3154 2207 3218 constrin-

317 3240 584 3314 gendam,
616 3242 938 3303 Decretum
971 3240 1040 3304 de
1072 3240 1363 3304 coelibatu
1403 3239 1776 3304 sacerdotum
1807 3240 2004 3304 edidit.
2046 3237 2202 3316 Quid

313 3292 382 3387 de
414 3325 524 3388 hoc
554 3323 872 3388 Ladislaus
914 3326 1198 3404 senserit,
1244 3339 1304 3389 et
1336 3350 1408 3389 ex
1446 3327 1583 3412 lege
1623 3326 1683 3388 in
1730 3326 1879 3389 hanc
1921 3349 2026 3412 per
2073 3347 2205 3387 eum

315 3410 548 3473 condita
584 3411 966 3491 sententiam,
1010 3425 1075 3476 ut
1125 3412 1399 3499 conjugia
1447 3435 1555 3499 per
1606 3412 1973 3500 presbiteros
2031 3409 2105 3473 ad
2146 3408 2206 3473 id

313 3518 500 3580 usque
536 3508 767 3580 tempus
803 3495 971 3576 inita,
1008 3521 1183 3585 porro
1222 3521 1452 3584 quoque
1485 3498 1651 3561 salva
1690 3498 1837 3574 sint,
1867 3507 1928 3560 et
1958 3495 2205 3559 maxime
