2358 3874
284 230 404 285 128

281 388 422 427 vero
466 387 564 440 ea,
616 376 678 424 ut
718 361 1074 435 videbimus,
1129 359 1561 444 displicuerunt
1605 360 1892 437 maxime,
1949 383 2100 446 quae
2139 362 2212 424 ad

279 460 590 515 exauctam
635 444 894 507 Palatini
941 443 1359 504 auctoritatem
1428 442 1745 527 pertinent.
1808 448 1879 506 ln
1919 444 2016 507 his
2055 446 2212 507 serie

278 532 620 622 penultima,
652 541 947 591 momento
985 550 1095 588 suo
1129 530 1320 611 prima
1366 538 1479 602 est,
1523 549 1638 611 qua
1668 527 1721 589 ei
1752 551 1859 613 pro
1892 530 2213 615 praecipuo

278 618 454 682 officii
485 637 727 676 munere
760 610 1177 684 committitur,
1217 623 1282 673 ut
1332 633 1441 671 nec
1482 609 1612 695 ipse
1643 633 1679 671 a
1707 611 1947 697 legibus
1989 612 2084 675 his
2115 614 2215 677 de-

277 704 426 776 viet,
460 722 570 761 nec
603 702 835 781 Regem
867 697 958 757 vel
992 694 1251 758 Nobiles
1286 695 1379 757 vel
1410 694 1559 756 alios
1594 694 1833 758 deviare
1865 698 2214 760 consentiat.

278 792 411 859 Hac
442 805 695 865 namque
728 780 983 855 condita,
1015 778 1204 864 princi
1249 778 1442 864 alique
1484 778 1742 841 tuendae
1785 781 2114 843 communis
2146 782 2214 844 li-

275 871 532 933 bertatis
565 887 710 926 cura
732 864 1009 926 Palatino
1043 803 1346 938 mandlflta,
1381 887 1560 924 unum
1593 863 1882 926 duntaxat
1931 865 2003 927 ad
2041 888 2214 949 rege-

277 951 598 1015 nerandam
660 948 1022 1034 primaevam
1068 948 1431 1034 reipublicae
1485 948 1598 1009 sub
1637 947 1913 1009 Ducibus
1965 949 2213 1011 formam

275 1038 568 1122 reliquum
609 1046 768 1109 erat,
819 1045 886 1095 ut
924 1032 1241 1094 Palatinus
1284 1031 1537 1118 publicis
1589 1031 1791 1116 populi
1849 1031 2218 1118 deligeretur

274 1118 581 1204 sufragiis.
658 1115 832 1193 Quod
888 1116 1123 1201 quidem
1168 1117 1423 1202 populus
1475 1116 1793 1200 flagitabat
1842 1117 2055 1192 etiam,
2110 1116 2217 1180 sed

274 1225 632 1290 responsum
665 1201 891 1284 accepit
941 1212 1051 1261 art.
1084 1209 1122 1262 3
1156 1199 1405 1262 alterius
1435 1203 1682 1262 Decreti
1720 1200 2011 1264 Andreae
2028 1206 2104 1263 11.
2143 1201 2216 1264 de

274 1314 324 1350 a.
370 1296 533 1351 1231
586 1285 1096 1370 comprehensum.
1145 1284 1258 1361 „Si
1294 1284 1610 1345 Palatinus
1651 1286 1802 1347 male
1841 1285 2219 1348 administra-

272 1374 425 1436 verit
468 1375 713 1455 negotia
750 1369 941 1455 Regis
986 1381 1046 1430 et
1094 1370 1304 1454 regni3
1346 1368 1726 1454 suplicabunt
1762 1368 1966 1439 nobis,
2008 1382 2073 1434 ut
2105 1371 2216 1433 uti—

271 1457 476 1520 liorem
520 1457 650 1517 loco
702 1458 831 1539 ejus
885 1452 1354 1528 constituamus,
1423 1476 1597 1537 quem
1639 1453 1944 1526 volumus;
1992 1466 2052 1521 et
2105 1478 2217 1517 nos

272 1541 552 1627 precibus
602 1562 806 1600 eorum
851 1547 1241 1599 annue¹n11S.“

1143 1756 1185 1830 g
1233 1759 1331 1813 26.

269 1910 526 1974 denique
574 1907 910 1957 Ordinibus
965 1907 1164 1970 regni,
1222 1908 1271 1955 si
1325 1907 1445 1955 Rex
1490 1907 1750 1958 Decreto
1803 1908 1940 1958 huic
1988 1907 2213 1957 decer—

640 1998 847 2054 peret,
898 1991 1233 2039 resistendi
1279 1998 1518 2040 asserta
1566 1993 1844 2042 facultas.

405 2150 471 2212 ld
501 2161 699 2212 tamen
722 2148 1152 2223 incunctanter,
1185 2149 1574 2234 maximaque,
1608 2173 1763 2212 anno
1791 2158 1975 2225 1222,
2003 2150 2206 2212 volun-

271 2248 392 2298 tate
418 2233 701 2296 Andreas
740 2232 1071 2307 concessit,
1110 2245 1176 2295 ut
1219 2233 1272 2294 si
1305 2236 1464 2309 Rex,
1506 2247 1609 2296 aut
1632 2234 1859 2320 posteri
1910 2234 2210 2311 tollerent,

270 2330 644 2382 mutarentve
687 2317 1018 2404 quampiam
1053 2318 1254 2400 legum
1295 2315 1524 2394 harum,
1559 2319 1872 2405 Episcopis
1907 2331 2009 2385 aut
2039 2318 2208 2403 Opti-

267 2404 527 2466 matibus
579 2401 824 2476 ceteriS,
873 2402 968 2463 vel
1004 2401 1330 2463 Nobilibus
1380 2403 1678 2464 universis
1720 2414 1781 2464 et
1827 2401 2086 2487 singulis
2127 2401 2209 2464 sit

264 2490 357 2550 fas
398 2487 451 2550 ei
496 2485 848 2561 resistendi,
925 2485 1066 2571 quin
1134 2498 1451 2572 propterea
1519 2487 1905 2573 perduellium
1962 2510 2207 2549 numero

265 2572 613 2634 habeantur.
667 2573 926 2632 Causam
972 2571 1299 2655 particulae
1359 2570 1536 2656 hujus
1603 2571 1848 2634 'Decreti
1910 2570 2198 2635 Andreae

266 2679 381 2742 ego
398 2654 683 2717 Patribus
717 2654 967 2717 Concilii
991 2656 1271 2717 Toletani
1293 2655 1362 2717 de
1400 2679 1517 2718 sec.
1534 2660 1658 2717 Vll
1684 2663 1730 2734 1)
1766 2668 1827 2719 et
1846 2655 2199 2718 Kelemenio

264 2754 471 2803 nostro
504 2747 555 2819 2)
600 2763 670 2801 ac
711 2740 957 2802 Hallero
996 2740 1477 2802 Restaurationis
1513 2741 1898 2802 scientiarum
1934 2740 2202 2825 politica-

264 2849 393 2887 rum
440 2824 670 2886 auctori
695 2832 746 2902 3)
781 2823 1174 2909 Regibusque
1214 2836 1273 2886 et
1307 2825 1573 2910 populiS,
1633 2846 1883 2908 quorum
1915 2823 2203 2908 exemplis

265 2922 474 2971 auctor
498 2907 595 2968 hic
615 2907 673 2968 in
697 2929 821 2968 rem
841 2931 1011 2969 suam
1037 2908 1245 2984 utitur,
1272 2906 1692 2970 defendendam
1716 2907 2043 2970 committo:
2064 2907 2202 2969 mihi

263 2997 419 3055 enim
449 2990 624 3066 aliud,
667 2992 828 3052 nulla
863 2991 1168 3077 peregrini
1204 2991 1386 3054 moris
1423 2991 1752 3055 imitatione
1781 2992 2047 3068 mixtum,
2073 2993 2200 3078 pla-

262 3098 454 3163 neque
511 3075 815 3161 proprium
873 3075 1030 3138 vitae
1094 3075 1284 3137 civilis
1349 3080 1775 3160 Hungarorum
1840 3089 2199 3140 momentum

671 3231 784 3238 -...-.

447 3323 486 3380 ¹)
520 3319 700 3368 Forum
728 3319 952 3384 judicum
986 3322 1059 3370 tit.
1101 3319 1152 3370 1.
1189 3321 1220 3371 l.
1259 3321 1316 3371 ΙΙ.
1352 3322 1383 3370 l.
1419 3321 1494 3370 IV.

441 3407 486 3463 2)
520 3404 645 3452 llist.
680 3405 811 3454 Juris
843 3405 997 3467 hung.
1034 3407 1155 3469 priv.
1190 3412 1219 3463 ς
1252 3401 1328 3455 [ιθ
1364 3407 1423 3455 ad
1456 3407 1529 3465 d).

440 3490 484 3546 ²²)
518 3488 573 3535 Τ.
610 3488 669 3535 ll.
706 3505 754 3551 p.
784 3484 923 3538 [437.
