2280 3918
598 957 694 1022 ΙΙ.
769 954 1021 1022 REX
1099 953 1597 1024 PETRUS

737 1123 797 1172 ab
828 1126 957 1173 anno
993 1110 1446 1174 10'38—1041.

501 1358 638 1425 111.
692 1358 915 1426 REX
966 1353 1426 1428 SAMUEL
1475 1357 1692 1424 ABA

715 1527 798 1577 -ab
828 1519 1150 1577 ωηο-1041
1180 1518 1446 1575 --Ῑοῑιῐι.
1542 1552 1544 1554 -

675 1776 970 1836 Petrus
1048 1772 1526 1836 restitutus,

1030 1979 1174 2054 §r

275 2131 574 2197 Hungaria
620 2131 688 2182 ab
735 2131 902 2181 obitu
947 2131 995 2181 d.
1044 2130 1330 2196 Stephani
1376 2130 1538 2180 civili
1584 2131 1926 2181 octennium

861 2217 1108 2267 adflicta
1152 2216 1334 2277 bello,

306 2379 474 2454 Quae
508 2377 579 2442 de
611 2377 876 2463 legibuS,
924 2376 1332 2463 institutisque
1369 2377 1421 2440 d.
1452 2374 1743 2463 Stephani
1774 2399 2065 2439 commen-

138 2462 248 2525 tati
279 2486 485 2525 sumus
516 2463 794 2541 invicem,
841 2463 1098 2550 probant
1132 2462 1395 2526 abunde:
1440 2461 1499 2525 id
1534 2485 1668 2525 eum
1702 2461 2067 2541 elaborasse,

141 2570 487 2634 omnemque
527 2548 763 2611 luminis
799 2548 1053 2634 ingenii,
1101 2548 1449 2635 consiliique
1483 2549 1576 2610 sui
1615 2548 1866 2633 gloriam
1897 2547 1956 2610 in
1995 2573 2065 2612 eo

142 2634 500 2708 collocasse,
559 2645 623 2696 ut
669 2657 821 2719 quae
862 2639 1264 2711 Francorum,
1312 2637 1898 2719 Germanorumque,
1953 2636 2066 2697 Ca-

137 2719 249 2781 roli
273 2720 484 2805 Magni
516 2732 739 2794 aetate,
787 2718 934 2783 haec
963 2719 1219 2782 omnium
1251 2719 1603 2805 Hungariae
1641 2731 1901 2783 aetatum
1936 2742 2066 2808 per-

140 2816 318 2892 petua
347 2818 512 2869 esset
546 2804 813 2868 felicitas.
858 2810 926 2867 ln
966 2829 1080 2891 quo
1110 2817 1309 2868 tamen
1347 2804 1499 2868 satis
1533 2802 1606 2867 ad
1639 2799 2066 2869 hanc'susten·-

140 2890 376 2953 tandam
423 2891 658 2954 roboris
709 2904 908 2967 esset,
968 2913 1288 2954 successor
1326 2889 1484 2953 haud
1525 2889 1874 2966 dissimilis,
1946 2915 2065 2954 non

141 2988 263 3039 tam
307 2977 551 3054 Carolo,
609 3000 780 3062 quam
816 2975 1154 3064 Stephano,
1201 2989 1379 3062 atque
1414 2975 1550 3038 huic
1586 2974 1820 3062 quidem
1853 2975 1937 3040 ita
1967 3001 2068 3064 pe-

140 3062 301 3124 nitus
326 3061 536 3137 defuit,
561 3074 627 3126 ut
655 3076 791 3149 post
840 3061 983 3125 illud
1019 3063 1196 3125 sunus
1234 3062 1515 3126 miserum
1542 3074 1719 3147 atque
1756 3062 2057 3138 acerbum,

146 3170 260 3233 quo
284 3147 467 3208 filium
494 3148 829 3211 Emericum
859 3149 917 3210 in
945 3147 1199 3211 omnium
1225 3148 1509 3213 virtutum
1541 3147 1840 3232 regiarum
1874 3170 2068 3211 exem-

148 3233 246 3319 pla
279 3231 544 3318 genitum
576 3233 773 3309 etulit,
819 3235 950 3297 sola
979 3257 1046 3296 se
1071 3234 1182 3297 hac
1213 3245 1583 3298 sustentaret
1612 3231 1752 3295 fide:
1797 3231 1927 3295 fieri
1952 3256 2068 3296 non

145 3342 348 3404 posse,
398 3330 461 3380 ut
503 3340 627 3379 rem
675 3319 873 3405 populi
909 3322 1078 3383 Deus
1112 3319 1371 3396 deserat,
1419 3341 1588 3404 quem
1623 3318 1751 3403 ipse
1786 3319 2064 3405 populum

147 3404 341 3467 effecit
364 3402 495 3466 sibi.
528 3411 571 3481 ι)
620 3407 690 3465 1η
730 3403 907 3490 hujus
942 3404 1142 3491 itaque
1178 3426 1376 3468 mores
1411 3403 1766 3468 excolendos
1799 3402 1912 3468 hoc
1943 3427 2062 3468 ma-

287 3573 330 3642 l)
377 3575 413 3624 1.
449 3575 580 3624 Sam.
614 3571 706 3623 12.
