2358 3874
289 195 409 248 184

285 354 398 393 nus
441 343 637 407 esset,
681 332 837 393 inter
876 331 1082 416 plures
1119 331 1375 393 divisum
1418 335 1755 419 accepisset
1787 342 1871 415 1),
1915 335 2225 398 consilium

284 415 399 479 hoc
438 427 542 479 aut
581 416 836 502 primus,
883 426 987 476 aut
1028 414 1187 476 inter
1225 413 1450 500 primos
1485 413 2079 517 Hungariae'Reges
2131 443 2226 483 se-

284 513 479 578 cutus,
517 523 624 586 per
655 498 926 560 diversas
957 498 1134 583 regni
1161 511 1364 584 partes
1394 499 1667 563 diversos
1706 504 2019 566 constituit
2049 504 2226 567 Pala-

282 585 470 661 tinoS‚
510 596 574 646 ut
603 583 813 646 horum
861 605 972 668 ope
1014 582 1500 646 malefactoribus
1530 585 1781 670 patriam
1832 601 2126 674 purgaret
2155 593 2225 668 2).

283 670 555 732 Probare
589 666 702 730 hoc
733 690 905 730 nemo
929 667 1224 730 bonorum
1252 691 1372 730 non
1397 669 1608 754 potuit.
1628 669 1911 735 Disserto
1942 695 2084 736 vero
2120 672 2226 736 ho-

282 776 412 816 rum
447 775 705 814 assensu
727 752 951 815 Jobum
967 751 1639 837 Quinqueeclesiensem
1660 756 2055 833 Mosoniensi,
2081 757 2226 820 Phi-

279 837 502 923 lippum
531 835 936 899 Vacziensem
974 836 1338 923 Episcopum
1391 839 1734 924 provinciae
1775 840 2227 925 Neogradiensi

278 921 582 1009 praefecit.
620 921 1108 1006 Strigoniensem
1145 922 1285 1007 ejati
1314 923 1597 986 Pontifici
1629 947 1737 1011 per
1769 927 2014 987 Patrem
2051 948 2224 988 suum

269 1011 408 1093 jure
455 1018 747 1091 perpetuo
796 1006 1094 1081 collatam,
1137 1030 1310 1070 serae
1356 1006 1534 1093 hujus
1583 1007 1643 1071 in
1686 1011 1984 1074 Parentes
2017 1009 2225 1098 pietati

279 1115 434 1155 novo
467 1090 782 1178 privilegio
826 1090 1183 1153 condonavit
1209 1098 1277 1170 3).

459 1365 502 1424 1)
534 1362 604 1411 De
634 1361 731 1411 hoc
769 1361 901 1425 apud
942 1361 1105 1411 Gallos
1137 1363 1558 1415 Senechalcorum
1600 1381 1689 1416 seu
1718 1366 2037 1417 Baillifiorum
2073 1367 2223 1418 insti-

276 1455 382 1497 tuto
421 1448 528 1497 vide
569 1447 636 1496 sis
669 1446 961 1496 Hallamium
1003 1462 1050 1497 o.
1085 1464 1130 1497 c.
1166 1448 1268 1498 Vol.
1302 1449 1341 1498 Ι.
1375 1465 1426 1514 p.
1463 1446 1605 1500 235.
1653 1451 1871 1516 Mayrum
1911 1468 1959 1502 o.
1994 1466 2040 1502 e.
2074 1452 2134 1502 T.
2156 1451 2219 1502 11.

277 1549 326 1596 p.
362 1526 483 1582 436
518 1538 567 1582 et
598 1547 738 1596 seqq.

453 1661 501 1719 2)
532 1658 587 1707 ln
617 1658 690 1706 lit.
724 1672 768 1706 a.
801 1654 962 1706 1292
996 1659 1119 1720 (Vll.
1155 1676 1198 1709 v.
1225 1657 1279 1709 5.
1312 1675 1364 1725 p.
1391 1657 1538 1721 502)
1571 1660 1744 1725 Opour
1773 1661 2022 1711 Palatinus
2054 1662 2221 1712 Citra-

246 1756 249 1758 ’
275 1741 585 1803 Danuhialis;
620 1741 871 1791 Rolandus
901 1741 1148 1792 Palatinus
1179 1744 1622 1794 ultra-Danubialis
1654 1750 1749 1795 cet.
1783 1746 2119 1797 nominantur.

452 1871 500 1930 3)
533 1868 705 1933 Steph.
739 1869 792 1917 V.
828 1868 1044 1933 diploma
1075 1869 1135 1918 de
1167 1885 1211 1918 a.
1254 1867 1414 1920 1270
1450 1878 1527 1921 est
1540 1888 1554 1934 ;
1590 1871 1646 1921 C.
1681 1872 1740 1921 D.
1773 1873 1828 1922 V.
1862 1872 1956 1922 vol.
1991 1873 2030 1922 Ι.
2062 1871 2222 1924 Privi-

273 1955 453 2019 legium
484 1953 694 2003 Ladislai
735 1952 795 2002 de
833 1968 878 2003 a.
919 1950 1082 2003 1288
1122 1953 1241 2004 ibid.
1305 1955 1508 2020 Corrige
1561 1957 1726 2022 itaque
1775 1957 2121 2023 Szvorenyium
2170 1965 2221 2008 et

274 2039 394 2089 alios
427 2039 515 2089 alia
548 2039 835 2089 referentes-

1148 2219 1190 2295 ς
1240 2222 1334 2278 13.

274 2384 963 2449 Constitutionibusque
1008 2384 1271 2451 Philippi
1324 2386 1533 2450 Legati
1577 2385 1915 2447 Pontifieii,
1963 2401 2074 2452 qua
2106 2387 2217 2437 hae

375 2470 605 2518 Statum
650 2469 818 2533 regni
864 2468 1172 2534 publicum
1211 2468 1472 2535 juraque
1517 2470 1702 2536 Regia
1747 2478 2106 2531 attrectant,

443 2630 602 2690 Sunt
645 2639 876 2705 tamen,
921 2629 1020 2713 qui
1055 2627 1348 2691 hactenus
1386 2651 1613 2691 mecum
1650 2629 1790 2693 licet
1825 2629 2110 2707 sentiant,
2142 2628 2216 2693 de

269 2711 500 2796 reliqua
535 2715 666 2798 ejus
706 2715 830 2775 vita
874 2713 1071 2776 dicant
1112 2713 1287 2776 aliud.
1332 2717 1412 2776 Et
1445 2713 1776 2799 scriptores
1810 2713 2064 2800 quidem,
2115 2714 2214 2799 qui

268 2795 610 2883 Philippum
634 2797 950 2860 Pontificis
975 2801 1299 2884 Legatum,
1331 2798 1467 2860 dum
1493 2799 1553 2859 in
1589 2798 1737 2861 urbe
1764 2798 2034 2861 Budensi
2057 2800 2214 2861 Con-

270 2880 465 2942 cilium
493 2881 655 2943 Cleri
687 2882 900 2967 agitat,
938 2883 1123 2945 rebus
1161 2884 1415 2970 primum
1461 2882 1535 2945 ad
1570 2883 1791 2945 victum
1828 2882 2213 2961 necessariis,

270 2965 418 3026 urbe
454 2964 665 3028 deinde
698 2966 1082 3051 prohibitum,
1114 2967 1402 3030 Ladislao
1426 2979 1820 3041 succensent3
1850 2966 2010 3029 hunc
2033 2967 2214 3053 dege-

268 3073 503 3126 nerem,
537 3049 862 3135 virtutique
893 3052 1050 3113 omni
1080 3051 1359 3113 nuncium
1391 3050 1661 3128 misisse,
1699 3075 1874 3136 quam
1908 3054 2213 3138 Legatum

267 3134 466 3210 illum,
510 3135 766 3220 aliquam
805 3135 960 3220 Regi
1010 3136 1228 3199 fecisse
1273 3135 1546 3221 injuriam
1586 3136 1747 3200 credi
1787 3138 2031 3200 malunt.
2096 3137 2212 3200 His

268 3220 745 3304 percommodum
791 3220 1000 3282 literae
1042 3219 1320 3283 accidunt
1356 3220 1626 3284 Ladislai
1669 3221 2065 3309 poenitentis,
2112 3221 2212 3307 qui

268 3327 335 3365 se
370 3305 605 3367 fervore
630 3304 968 3392 juventutis
1009 3318 1217 3369 contra
1260 3305 1514 3369 salutem
1556 3329 1873 3369 accensum
1915 3327 2118 3380 suam,
2151 3318 2213 3369 et

271 3389 655 3472 quorumdam
688 3413 1007 3478 pravorum
1033 3390 1316 3454 Consiliis
1348 3391 1679 3468 seductum,
1716 3390 1872 3477 quod
1897 3387 2209 3475 synodum

270 3495 395 3534 eam
432 3473 694 3538 sciscere
741 3475 1028 3559 quaedam
1066 3477 1126 3538 in
1164 3476 1437 3539 damnum
1462 3476 1686 3561 jurium
1718 3497 1962 3539 suorum
2003 3473 2208 3538 existi-
