2358 3874
294 215 412 295 176

1180 374 1220 450 ς
1267 377 1321 433 4.

288 528 580 593 regnique
634 526 766 592 ejus
820 525 976 575 omni
1039 523 1504 574 munificentiae
1565 538 1810 587 genere,
1873 540 1938 573 ac
1992 523 2225 574 aemula

339 614 708 677 privatorum
756 625 990 674 quoque
1038 609 1106 657 ad
1153 607 1634 674 frequentandas
1681 609 1903 673 populo
1951 609 2175 659 solitu-

1170 694 1346 743 dines

459 807 808 896 Stephanus
847 810 978 872 Rex
1016 808 1075 870 in
1114 809 1440 894 integrum,
1487 830 1596 870 seu
1628 829 1760 869 cum
1809 807 2119 893 integrali,
2163 822 2228 873 ut

286 896 417 983 ipse
439 896 538 971 ait,
555 894 731 980 regni
756 893 1186 991 gubernaculo,
1206 917 1322 955 non
1347 894 1502 955 ultra
1524 892 1823 955 biennium
1850 892 1975 955 fuit.
1998 895 2227 969 Quarto

284 981 440 1044 enim
479 994 662 1067 supra
701 978 1068 1042 trlcesimum
1108 978 1324 1041 aetatis
1379 1000 1566 1052 anno,
1623 977 1804 1039 vitam
1854 1000 1986 1039 cum
2035 991 2226 1042 morte

285 1065 682 1129 commutavit.
730 1066 800 1124 In
847 1062 1270 1149 diplomatibus
1317 1065 1447 1147 ejus
1497 1062 2008 1147 congregationis
2053 1063 2226 1127 Ordi-

284 1174 422 1213 num
454 1149 648 1234 regni,
683 1170 1134 1232 consensusque
1173 1146 1382 1210 horum
1415 1147 1894 1210 commemoratio
1926 1147 2227 1233 frequens,

283 1236 548 1310 Literae‚
581 1256 729 1318 quas
762 1232 836 1294 ad
865 1232 1271 1317 Magistratus
1303 1231 1705 1294 Comitatuum
1747 1231 1941 1308 dedit,
1983 1233 2228 1296 Comiti-

287 1321 397 1382 bus
444 1331 504 1381 et
550 1316 1039 1402 Jobbagionibus
1088 1316 1290 1379 Castri
1323 1323 1368 1396 1)
1422 1316 1773 1402 inscriptae3
1825 1315 1884 1378 hi
1931 1328 2131 1380 tamen
2177 1319 2231 1382 ei

284 1402 534 1467 Comitis
554 1402 733 1465 etiam
750 1402 1059 1465 Officiales
1079 1402 1457 1499 appellantur
1467 1412 1534 1479 2).
1550 1404 1644 1463 De
1661 1401 2230 1486 EclesiaAgriensi‚

282 1487 634 1551 instauratis
665 1486 919 1548 maximo
952 1486 1274 1549 Comitiatu
1305 1485 1640 1572 privilegiis
1682 1488 1813 1570 ejus
1858 1485 2071 1550 eximie
2113 1509 2231 1550 me-

283 1574 455 1649 ritus,
490 1570 966 1657 Archiepiscopo
993 1570 1403 1655 Strigoniensi
1437 1571 1797 1633 Comitatum
1831 1570 2097 1656 ejusdem
2128 1595 2228 1635 no-

224 1682 226 1684 *
283 1657 456 1720 minis
486 1661 625 1743 jure
714 1668 959 1741 erpetuo
1003 1655 1227 1718 addixit
1253 1662 1320 1734 3).
1387 1658 1578 1718 Grata
1626 1654 2047 1718 liberalitatem
2091 1659 2229 1719 Ste-

284 1742 461 1829 phani
492 1678 905 1804 recordatione
937 1753 1388 1825 prosequuntur
1418 1743 1696 1803 Saxones
1729 1762 1962 1826 quoque
1991 1739 2052 1802 in
2084 1743 2229 1804 Sce-

282 1831 457 1914 pusio
499 1839 560 1888 et
602 1825 873 1888 homines
922 1824 1197 1888 Eclesiae
1249 1848 1296 1886 S.
1330 1823 1520 1910 Regis
1565 1837 1738 1887 extra
1782 1847 1986 1888 muros
2026 1826 2230 1889 Castri

281 1911 591 1975 AlbensiS.
625 1913 891 1986 Quorum
924 1910 1007 1971 illi
1029 1913 1168 1995 jura
1201 1933 1331 1985 sua,
1359 1909 1589 1971 adnexa
1610 1908 1967 1985 conditione,
1990 1911 2227 1996 quoties
2261 1921 2264 1923 *

285 1996 619 2060 necessitas
661 1995 897 2070 tulerit,
940 2017 1070 2056 cum
1103 2002 1187 2056 50
1217 1994 1364 2056 viris
1406 1994 1653 2057 armatis
1692 1994 1981 2058 lanceatis
2025 1995 2098 2058 ad
2130 2019 2229 2058 ex-

281 2082 636 2168 peditionem
670 2078 1049 2165 comparendi
1089 2091 1149 2141 et
1180 2079 1293 2141 sub
1319 2080 1487 2163 regis
1525 2079 1811 2142 militandi
1845 2080 2059 2143 vexillo
2091 2103 2230 2143 con-

283 2168 547 2238 firmata3
605 2164 699 2241 hi,
755 2162 909 2249 quod
939 2187 1048 2261 per
1078 2163 1373 2226 violentos
1411 2164 1742 2226 descensus
1774 2167 2076 2227 Baronum
2111 2165 2229 2226 col-

281 2253 587 2336 lectasque
628 2248 834 2335 regias
875 2247 1160 2311 exmaniti
1189 2249 1455 2323 fuerant,
1508 2248 1702 2311 datam
1736 2248 1852 2310 sihi
1894 2249 2227 2312 immunita-

283 2349 403 2400 tem
435 2335 749 2421 utriusque
783 2333 983 2396 oneris
1015 2335 1075 2395 in
1107 2333 1369 2419 acceptis
1401 2333 1615 2396 ferunt.

469 2521 509 2579 1)
544 2518 599 2566 C.
634 2517 691 2566 D.
727 2518 779 2566 V.
822 2515 872 2566 1.
909 2533 959 2581 p.
998 2512 1095 2566 39.
1131 2516 1252 2566 VIII.
1294 2514 1346 2566 1.
1382 2532 1431 2580 p.
1469 2513 1610 2566 211.

462 2605 508 2663 2)
540 2603 594 2651 V.
631 2600 683 2651 1.
718 2617 768 2666 p.
805 2596 905 2651 43.

464 2688 510 2747 3)
542 2688 594 2736 V.
636 2684 687 2736 1.
722 2702 773 2751 p.
811 2683 907 2735 21.

1174 2780 1215 2855 ἕ
1260 2781 1316 2838 5.

676 2932 1002 2981 alacritate
1049 2931 1195 2979 clari
1242 2938 1628 2981 monumento
1676 2936 1817 2980 sunt,

452 3081 658 3164 Atque
690 3077 842 3140 hanc
873 3075 1062 3174 Regis
1101 3076 1173 3138 ad
1204 3076 1670 3162 frequentandas
1702 3078 1918 3164 populo
1953 3074 2221 3139 solitudi-

281 3186 387 3225 nes
419 3163 839 3225 liberalitatem
870 3163 1083 3248 privati
1117 3185 1350 3247 quoque
1384 3163 1851 3225 aemulabantur.
1883 3165 1976 3224 Ex
2006 3161 2223 3247 quibus

280 3248 570 3332 Magistri
601 3247 906 3311 Theodori
939 3247 1145 3309 literae
1169 3253 1214 3325 1)
1249 3269 1298 3308 a.
1328 3256 1490 3310 1273
1530 3248 1702 3310 datae
1738 3246 2097 3333 hospitibus,
2123 3244 2222 3330 qui

463 3431 504 3487 l)
536 3428 608 3478 Ex
651 3428 1084 3480 collectaneis·lit.
1131 3429 1277 3479 Mich.
1322 3429 1599 3491 Horvathii‚
1651 3427 1933 3494 speciatim}
1983 3434 2220 3490 autogra-

283 3511 399 3574 pho,
435 3513 565 3576 quod
599 3513 646 3561 in
678 3514 823 3562 Arch.
859 3514 978 3577 Cap.
1015 3514 1159 3577 Scep.
1191 3522 1429 3563 servatur.
