2280 3918
252 195 292 250 8

253 355 387 396 nem
428 333 569 396 fecit
603 331 830 395 serendi
857 336 1001 418 ejus
1047 331 1360 419 Principes
1396 333 1580 410 enim,
1625 333 1987 422 militesque,
2030 335 2171 422 Epi-

253 442 570 506 scoporum
611 417 968 505 congregati
1003 416 1269 495 consilio,
1307 441 1376 480 eo
1408 432 1811 498 exauctorato,
1835 422 2173 490 Samuelem

253 504 482 567 sororis
527 501 586 567 d,
614 503 907 591 Stephani
939 506 1113 590 conju
1163 527 1254 566 em
1283 506 2009 590 Regem‘proclamarunt,
2053 519 2174 570 tam

251 589 410 652 hunc
443 590 820 678 popularem,
876 611 1051 675 quam
1081 588 1245 652 ilum
1274 589 1526 652 invisum
1563 590 1736 654 honis
1768 591 2058 655 omnihus.
2103 595 2174 653 ln

253 679 500 739 Petrum
545 675 747 760 itaque
783 678 1013 761 Regem
1050 675 1407 761 superbum,
1455 700 1569 739 non
1615 700 1682 740 re
1733 675 1845 741 ‘am
1880 675 1994 740 hoc
2038 700 2175 740 con-

253 760 388 824 silio
449 761 841 824 invadebatur
900 761 1341 838 auctoritatem,
1389 774 1454 824 ut
1495 785 1666 848 quam
1735 762 2036 826 imaxime
2073 785 2175 825 vo-

255 848 494 910 luerunt
535 847 758 909 salvam
782 895 798 922 ,
861 845 960 932 qui
1010 868 1304 933 personae
1352 846 1511 910 illius
1558 861 1730 912 erant
1778 847 2174 912 offensissimi.

252 935 409 995 Tam
464 955 669 995 verum
719 944 853 994 est:
913 955 1030 996 non
1073 932 1207 995 aliis
1254 956 1394 996 esse
1435 934 1776 1022 Principem
1828 935 2174 1021 gratiorem,

251 1041 427 1106 quam
460 1018 558 1105 qui
591 1017 844 1081 maxime
883 1016 1176 1081 dominum
1219 1031 1563 1105 graventur.
1593 1026 1646 1100 ⁶)

250 1225 477 1284 cuperet;
526 1219 641 1286 quin
673 1218 713 1268 si
746 1218 950 1284 stirpem
980 1218 1319 1279 adventitiam,
1368 1226 1615 1270 aeternam
1645 1220 1695 1271 in
1726 1235 1879 1286 regno
1919 1236 2030 1271 esse
2070 1221 2175 1272 vel-

248 1305 339 1366 let3
394 1304 682 1369 peregrinae
729 1303 1101 1354 consuetudinis
1140 1319 1285 1369 quam
1331 1305 1588 1356 minimum
1634 1306 1904 1357 retineret:
1960 1308 2092 1372 quod
2133 1308 2175 1359 si

253 1404 422 1440 carere
451 1389 512 1440 ad
541 1389 754 1455 palatina
785 1388 922 1440 aulae
952 1405 1070 1440 suae
1107 1406 1314 1441 munera
1352 1391 1564 1442 externis
1595 1407 1686 1442 nec
1716 1392 1883 1460 vellet,
1930 1408 2023 1443 nec
2052 1409 2175 1459 pos-

250 1482 354 1538 set3
401 1490 557 1542 aequa
586 1482 752 1526 tamen
777 1475 991 1543 inparte
1022 1483 1190 1527 essent
1218 1476 1437 1543 Hungari
1468 1483 1517 1529 et
1546 1478 1607 1528 ad
1637 1479 1887 1530 tractanda
1917 1478 2055 1545 regni
2083 1494 2178 1530 ne·-

250 1561 383 1627 gotia
414 1560 803 1613 adhiberentur“
837 1568 933 1628 cet.

385 1645 436 1717 ὃ)
484 1647 607 1698 Plin.
642 1648 702 1699 ad
734 1647 865 1714 Traj.
900 1662 945 1698 c.
980 1641 1079 1698 45,

1141 1843 1285 1920 §a

512 1995 748 2047 Samuel
791 1995 905 2046 Aba
951 1996 1348 2062 hungaricum
1394 1999 1900 2063 repraesentavit,

418 2157 663 2221 Samuel
691 2155 973 2219 Edumeri
1004 2156 1195 2219 Ducis
1231 2157 1367 2221 olim
1400 2156 1764 2236 Chunorum,
1810 2158 1911 2246 qui
1951 2182 2019 2223 se
2054 2161 2168 2222 Ar-

246 2242 402 2330 pado
445 2246 906 2330 conjunxerunt,
941 2243 1288 2330 progenieS,
1326 2245 1631 2322 Saroltae,
1672 2244 1901 2309 sororis
1946 2245 1997 2309 d.
2039 2248 2175 2311 Ste-
2221 2299 2225 2310 .

249 2328 428 2415 phani
453 2330 721 2405 marituS,
751 2328 1021 2414 idemque
1041 2328 1154 2391 hoc
1186 2328 1513 2416 superstite
1537 2330 1850 2394 Palatinus
1875 2334 2110 2409 Comes,
2129 2337 2174 2414 ι)

247 2439 323 2478 ex
354 2416 618 2479 muneris
649 2414 827 2502 hujus
853 2415 1084 2478 ratione
1103 2438 1212 2478 suo
1237 2416 1368 2478 loco
1402 2415 1706 2504 explicita,
1742 2417 2022 2504 frequens
2044 2441 2174 2480 cum

246 2501 462 2590 populo
495 2502 620 2564 suit.
648 2508 698 2581 2)
733 2501 999 2564 .Juribus
1029 2500 1207 2587 hujus
1238 2525 1272 2564 a
1297 2501 1353 2563 vi
1378 2502 1776 2588 potentiorum
1809 2503 2173 2581 asserendis,

248 2611 380 2649 cum
416 2588 573 2650 inter
618 2600 708 2650 tot
747 2587 1028 2665 infestOS,
1083 2611 1239 2650 unus
1277 2588 1527 2651 maxime
1563 2588 1925 2666 intenderet,
1971 2588 2172 2676 hujus-

245 2695 360 2759 que
384 2673 622 2737 virtutis
657 2672 1022 2750 constantia,
1070 2686 1129 2737 et
1168 2673 1226 2735 in
1255 2673 1518 2737 Patriam
1547 2698 1746 2738 amore
1774 2699 1976 2738 omnes
2009 2688 2173 2738 ante·-

246 2758 385 2836 iret‚
431 2782 566 2823 eum
611 2759 1115 2845 gloriosissimum
1168 2759 1283 2823 sibi
1320 2759 1565 2823 honoris
1614 2760 1851 2824 titulum
1900 2761 2173 2839 confecit,

383 2979 427 3039 1)
471 2977 637 3042 Biogr.
679 2977 730 3027 S.
776 2976 976 3027 Gerardi
1015 2977 1144 3042 apud
1182 2976 1439 3042 Batthiany
1477 2992 1527 3042 p.
1575 2970 1715 3028 343.
1774 2976 1943 3036 „Abba
1992 2976 2172 3028 Comes

244 3062 451 3116 Palatii“
491 3063 619 3128 apud
661 3063 858 3113 Surium
890 3069 938 3112 et
975 3063 1178 3113 Vionem
1221 3078 1391 3123 „unus
1431 3078 1488 3113 ex
1528 3063 1597 3112 eis
1635 3062 1835 3112 nomine
1874 3062 2033 3124 Abba,
2089 3064 2171 3130 qui

247 3155 349 3199 erat
395 3149 574 3201 Comes
619 3149 824 3200 Palatii“
865 3148 1046 3213 Prayus
1097 3164 1209 3199 eum
1248 3148 1297 3199 in
1337 3148 1464 3199 serie
1515 3146 1843 3198 palatinorum
1894 3148 2170 3215 Hungariae

246 3234 372 3285 edita
403 3250 564 3300 nuper
593 3235 653 3285 ad
684 3251 728 3284 a.
767 3230 927 3285 1030
961 3234 1186 3285 collocat.

378 3349 429 3417 2)
478 3351 621 3401 Hunc
651 3351 1027 3417 'chronographi
1067 3358 1254 3402 veteres
1293 3350 1495 3416 plebe
1516 3367 1561 3400 m
1611 3350 1774 3400 dicere
1804 3355 1999 3410 amant3
2058 3349 2170 3399 inde

246 3442 366 3485 tetra
398 3435 665 3486 calumnia:
701 3437 932 3497 Samueli,
967 3438 1135 3487 nescio
1167 3453 1310 3502 quam
1344 3436 1502 3503 plebis
1534 3436 1791 3496 sentinam,
1827 3440 2112 3485 constanter
2140 3452 2164 3485 a

244 3520 629 3572 convictionibus
661 3522 828 3572 fuisse.
878 3523 1030 3573 Thur.
1066 3523 1125 3573 ΙΙ.
1162 3539 1204 3571 c.
1243 3519 1339 3572 37.
2104 3513 2107 3516 ⁵
