2358 3874
1974 169 2098 226 199

1034 343 1075 418 5
1121 345 1294 412 25..-

1028 430 1037 439 ς

694 494 1070 557 anorumque
1115 477 1555 556 unproborum,

286 654 496 735 Leges
527 648 738 712 horum
761 649 1151 712 comitiorum
1180 648 1405 735 pariter
1427 661 1605 733 atque
1637 648 1772 711 illae
1805 647 1876 711 de
1907 655 2093 724 1222,

162 735 547 798 concessione
595 734 812 819 Regis,
866 733 1129 795 exclusis
1183 733 1518 819 quibusque
1568 732 1936 808 BaronibuS,
1987 755 2093 818 per

163 820 476 882 Praelatos
530 830 592 880 et
634 819 916 904 populum
944 830 1226 902 rogatae,
1281 819 1686 904 probataeque
1735 816 1947 880 deinde
1985 840 2092 902 per

163 907 416 988 Regem,
471 916 531 967 et
575 926 684 988 per
724 907 996 965 Barones
1044 924 1251 965 omnes
1299 902 1683 978 subnotatae,
1732 903 1904 987 plura
1944 923 2092 980 sane

162 987 495 1063 continent,
542 988 615 1050 ad
664 1010 795 1064 eos,
846 990 946 1072 qui
995 1008 1063 1049 se
1102 986 1176 1048 ad
1213 986 1415 1049 Caroli
1455 987 1833 1049 abstulerunt
1867 999 2093 1070 parteS‚

163 1071 564 1147 revocandos3
617 1070 1079 1134 confirmandam
1117 1071 1594 1156 Magistratuum
1649 1068 2092 1140 auctoritatem;

163 1168 222 1217 et
259 1156 694 1251 reprimendam
732 1156 849 1218 vim
897 1152 1205 1241 oportuna.
1270 1157 1341 1217 Si
1392 1167 1593 1217 tamen
1631 1177 1830 1217 mores
1879 1153 2112 1228 desint,—

167 1239 484 1302 invalldum
517 1264 655 1303 esse
681 1241 884 1325 legum
916 1240 1216 1317 auxilium,
1250 1239 1609 1302 Conditores
1641 1237 1879 1300 harum:
1912 1241 2097 1299 Prae*

163 1324 265 1384 lati
295 1325 675 1409 populusque
707 1324 1096 1411 perspexisse
1135 1323 1272 1387 dum
1310 1324 1500 1408 igitur
1537 1335 1648 1385 art.
1679 1326 1791 1385 VI.
1830 1321 1987 1406 Regi
2025 1319 2099 1382 ad

161 1407 609 1470 refroenandam
667 1410 958 1471 malorum
1010 1408 1312 1471 audaciam
1374 1408 1607 1471 externi
1659 1407 1837 1469 etiam
1890 1405 2097 1467 militis

161 1490 506 1553 accersendi
537 1504 896 1577 potestatem
924 1492 1215 1567 fecerunt,
1236 1491 1527 1576 judicium
1559 1492 1631 1554 de
1656 1514 1839 1552 causa
1860 1490 2097 1576 publica

161 1576 377 1637 secisse
405 1574 701 1660 videntur,
733 1575 1113 1638 verissimum
1141 1576 1287 1639 illud
1318 1576 1550 1661 quidem
1569 1625 1583 1652 ,
1631 1576 1735 1638 sed
1768 1588 1891 1637 tam
1922 1573 2101 1636 dubia

163 1659 294 1736 hac,
328 1682 501 1744 quam
525 1661 710 1739 ferme
735 1661 998 1745 collapsa
1021 1662 1412 1737 voluntatum,
1437 1683 1686 1736 morum,
1712 1658 2100 1722 domesticae&

163 1767 274 1829 que
305 1742 671 1806 fortitudinis
703 1744 937 1822 fiducia,
973 1745 1404 1808 tristissimum.
1685 1755 1709 1767 ’·

1037 1948 1079 2023 g
1124 1951 1223 2006 26.

963 2098 1296 2158 adflicta,

333 2254 507 2317 Nihil
558 2255 761 2340 itaque
819 2254 968 2317 haec
1024 2254 1162 2318 fidei
1213 2255 1629 2317 Praelatorum
1692 2256 2098 2337 maximaeque

164 2339 353 2426 partis
382 2338 585 2426 populi
623 2351 773 2426 erga
802 2337 1109 2401 Andream
1150 2341 1488 2401 constantia
1519 2336 1892 2400 Bonifacium
1918 2339 2099 2399 Vlss'.

163 2424 528 2499 morabatur,
562 2423 703 2508 quin
731 2446 842 2520 per
865 2423 1286 2485 HenriciBani
1315 2423 1490 2506 filios,
1522 2425 1819 2485 Joannem
1851 2434 1910 2484 et
1935 2424 2100 2483 Hen-

164 2508 372 2583 ricum,
392 2507 691 2592 Ugrinum
727 2520 868 2569 item
900 2507 1084 2568 filium
1114 2507 1274 2570 Poth
1301 2508 1374 2570 de
1398 2507 1597 2592 Ujlak,
1629 2519 1690 2570 et
1718 2506 1868 2568 alios
1892 2519 1959 2567 ut
1985 2509 2101 2568 Re-

165 2615 302 2676 gem
323 2591 675 2675 Hungariae
702 2591 890 2667 daret,
914 2591 1330 2677 interpellatus
1359 2593 1420 2653 in
1445 2592 1726 2654 Carolum
1752 2589 2100 2666 Robertum,

164 2675 427 2739 Martelli
457 2677 643 2737 filium
691 2675 745 2739 ei
782 2676 1243 2762 praeficiendum
1292 2676 1525 2739 enixius
1573 2674 1958 2737 incumberet.
2003 2677 2100 2735 In-

164 2773 558 2824 strumentum
600 2760 923 2823 voluntatis
963 2763 1092 2846 ejus
1127 2761 1530 2846 praecipuum,
1562 2760 1901 2844 Gregorius
1947 2758 2101 2820 Stri-

164 2844 495 2929 goniensiS,
527 2856 843 2930 postquam
883 2857 1152 2922 cunctOS,
1193 2845 1291 2930 qui
1330 2845 1404 2908 ob
1437 2845 1688 2907 locatam
1730 2843 1859 2906 sedi
1887 2846 2100 2906 Roma—

166 2951 276 2991 nae
308 2951 549 3015 operam
578 2929 894 2992 interdicto
935 2929 1250 3006 suberant,
1291 2928 1469 3014 hujus
1503 2928 1789 2991 solvisset
1820 2927 2100 3000 vinculis,

167 3013 316 3075 alios
362 3012 660 3098 promissa
706 3026 1088 3098 peccatorum
1138 3013 1310 3076 venia
1357 3013 1820 3097 (indulgentiam
1868 3034 2099 3073 sacram

124 3123 129 3126 ·
170 3105 480 3174 vocamus)
529 3096 603 3159 ad
651 3098 852 3159 Caroli
899 3096 1148 3161 Roberti
1202 3099 1517 3167 traducere
1563 3097 1739 3159 fidem
1787 3094 2101 3170 laboravit,

170 3182 426 3267 fecitque
455 3181 631 3266 paulo
664 3181 839 3243 etiam
871 3183 1035 3267 plus:
1069 3181 1328 3246 Ordines
1355 3183 1510 3244 enim
1539 3181 1732 3264 regni,
1767 3179 1866 3263 qui
1898 3201 1980 3239 ex'
2004 3178 2102 3240 de—

171 3280 334 3330 creto
395 3264 725 3351 superioris
777 3267 941 3341 anni,
992 3265 1052 3326 in
1085 3268 1316 3328 Octava
1346 3266 1779 3351 Apostolorum
1823 3263 1992 3324 Petri
2044 3275 2104 3324 et

172 3352 344 3413 Pauli
375 3350 448 3412 ad
476 3373 744 3435 campum
770 3349 995 3425 RakoS,
1027 3350 1418 3412 Comitiorum
1450 3371 1653 3422 causa,
1686 3359 2103 3423 convenerant,

171 3437 416 3499 obtentu
453 3433 760 3501 literarum
801 3459 835 3497 a
872 3434 1167 3498 Pontifice
1205 3447 1584 3520 acceptarum
1620 3430 2102 3518 Veszpremium,
