2358 3874
292 229 414 283 126

1171 393 1212 470 ,ς
1260 398 1356 453 24.

291 548 721 598 constitutum:
771 555 832 596 ut
877 546 1183 595 Solemnia
1230 545 1550 593 memoriae
1597 546 1644 594 d.
1695 547 1991 612 Stephani
2046 555 2230 612 quot-

319 633 492 682 annis
538 633 595 680 in
642 632 891 680 maximo
938 630 1149 694 populi
1197 630 1502 678 Conventu
1549 630 1723 678 Albae
1771 632 2179 682 celebrentur.

459 791 724 873 Magnae
763 786 983 850 Matris
1044 786 1102 848 in
1151 786 1352 850 coelos
1398 800 1703 849 assumtae
1751 788 1968 851 festum
2006 791 2228 873 (Nagy

289 874 512 959 boldog
541 877 835 955 Asszony
866 874 1042 958 napja
1071 869 1513 956 hungarorum)
1545 895 1591 932 S.
1613 871 1962 956 Stephanus
2017 884 2076 934 et
2109 876 2229 934 La-

290 960 552 1032 dislaus3
591 958 739 1020 Bela
780 960 887 1018 111.
935 956 1260 1042 proximum
1311 978 1358 1016 S.
1397 955 1687 1041 Stephani
1734 956 1906 1032 diem,
1943 956 2065 1018 ritu
2101 956 2229 1018 illo-

288 1067 418 1105 rum
447 1051 514 1122 ¹),
545 1042 604 1103 in
645 1040 895 1103 maxima
931 1039 1188 1103 omnium
1227 1038 1494 1102 ordinum
1532 1041 1866 1126 frequentia
1908 1040 2226 1126 quotannis

288 1128 486 1192 Albae
540 1125 895 1189 celebrabat,
959 1129 1159 1209 Hujus
1197 1124 1396 1207 itaque
1446 1147 1574 1186 mos
1623 1125 1739 1187 iste
1776 1125 2060 1188 dimissus
2118 1148 2226 1210 per

287 1211 614 1286 Andream‚
636 1213 900 1272 Decreto
921 1207 1051 1282 hoc,
1092 1208 1150 1268 in
1187 1220 1532 1292 perpetuam
1565 1210 1836 1271 elevatus
1872 1211 2088 1294 legem,
2115 1209 2231 1294 pri-

289 1320 383 1358 mo
414 1317 667 1379 namque
702 1317 840 1356 mox
877 1292 1129 1355 articulo
1168 1291 1508 1364 constitum,
1545 1305 1611 1354 ut
1648 1294 1968 1378 quotannis
2000 1295 2229 1356 Solem-

288 1379 385 1441 nia
424 1378 563 1440 festi
610 1402 655 1439 S.
699 1376 991 1462 Stephani
1028 1376 1227 1438 Albae
1260 1375 1644 1453 celebrentur
1670 1385 1756 1456 2);
1794 1377 1889 1439 his
1928 1381 2076 1454 Rex,
2115 1375 2230 1438 nisi

286 1463 488 1526 arduis
518 1463 780 1547 negotiis
808 1474 911 1523 aut
940 1460 1279 1523 valetudine
1313 1459 1722 1545 impediretur,
1756 1485 1865 1546 per
1887 1486 1954 1524 se
1976 1461 2137 1524 adsit
2157 1468 2228 1540 3);

286 1547 601 1610 Palatinus
649 1546 917 1631 quidem,
979 1545 1076 1631 qui
1121 1545 1249 1606 vice
1290 1547 1419 1629 ejus
1452 1547 1686 1607 Causas
1734 1546 1966 1621 audiat,
2013 1546 2230 1607 abesse

287 1656 404 1694 non
442 1631 666 1717 possit3
714 1631 1064 1693 Servientes
1098 1642 1315 1704 autem,
1367 1629 1463 1714 qui
1504 1630 1826 1705 voluerint,
1881 1630 2074 1692 libere
2109 1629 2229 1691 illic

286 1716 602 1779 convenire
634 1716 886 1777 valeant.
928 1714 1042 1790 Qui
1083 1713 1422 1775 institutum
1457 1711 1570 1775 hoc
1600 1737 1708 1799 pro
1741 1718 1900 1793 Foro
1941 1714 2229 1776 duntaxat

287 1798 745 1863 dirimendarum
777 1802 1220 1861 contentionum
1252 1796 1618 1882 privatarum
1651 1811 1971 1874 summunt,
1994 1821 2225 1874 vereor,

285 1909 360 1948 ne
397 1883 772 1947 Sententiam
822 1883 978 1967 legis
1021 1905 1139 1943 non
1181 1882 1420 1967 penitus
1466 1895 1902 1967 assequantur,
1955 1895 2021 1945 ut
2079 1906 2229 1968 quae

286 1982 406 2031 tam
440 1968 512 2030 ad
543 1967 683 2042 haS,
718 1990 890 2052 quam
924 1991 1064 2028 vero
1097 1966 1431 2051 generatim
1475 1989 1744 2052 quasque
1779 1971 1984 2053 justas
2027 1968 2227 2054 populi

286 2054 359 2116 de
396 2052 639 2138 juribus
688 2075 794 2137 per
850 2072 1236 2136 quoscunque
1288 2051 1526 2113 violatis
1570 2053 1866 2136 querelas,
1899 2052 2106 2113 harum
2155 2075 2228 2114 ue

284 2136 564 2211 remedia,
615 2147 675 2198 et
706 2160 820 2221 quo
851 2134 996 2197 nihil
1027 2159 1220 2220 neque
1249 2134 1504 2219 cogitari
1536 2137 1881 2220 augustiuS,
1906 2158 2097 2222 neque
2170 2161 2228 2199 e-

252 2295 258 2299 ,
287 2223 450 2283 cerni
487 2221 559 2283 ad
594 2221 848 2282 salutem
884 2221 1179 2306 publicam
1218 2219 1415 2305 aptius
1453 2222 1981 2306 praestantiusque
2013 2221 2227 2306 potuit,

287 2306 360 2368 ad
391 2305 730 2367 memoriam
780 2305 832 2367 d.
866 2305 1229 2389 Protoregis
1265 2328 1381 2366 non
1421 2305 1614 2367 solum
1650 2305 1764 2391 piis
1811 2305 1886 2368 ad
1923 2328 2060 2367 aras
2092 2328 2226 2391 pre—

287 2390 478 2464 cibus,
513 2389 619 2451 sed
665 2389 820 2474 quod
853 2390 1050 2475 paullo
1083 2390 1237 2475 pIuS‚
1277 2389 1447 2474 eique
1479 2393 1716 2474 gratius
1754 2402 1939 2465 esset,
1962 2389 2228 2452 ¹sanctis-

473 2576 514 2633 l)
546 2573 663 2622 Vide
694 2573 912 2637 Legend.
964 2574 1079 2639 maj.
1133 2590 1174 2623 S.
1211 2574 1434 2627 Gerardi*
1461 2565 1591 2637 apud
1632 2573 1796 2623 Batth.
1840 2590 1890 2637 p.
1928 2568 2050 2623 314
2090 2575 2149 2623 de
2182 2590 2223 2623 s,

286 2659 404 2707 Lad.
440 2658 536 2707 LL.
572 2656 678 2721 ejus
708 2658 741 2706 l.
776 2659 859 2707 111.
897 2675 940 2708 c.
979 2655 1033 2707 3.

465 2745 512 2803 2)
544 2741 616 2790 Ex
648 2742 926 2807 Diplomate
956 2743 1102 2792 Belae
1134 2744 1218 2793 ΙΙΙ.
1254 2743 1314 2792 de
1346 2759 1389 2792 a.
1431 2741 1590 2793 1175
1625 2743 1827 2804 (Farlat.
1855 2742 1912 2791 T.
1936 2743 1988 2791 V.
2012 2739 2225 2806 p.355)

287 2827 544 2890 verbisque
606 2842 805 2890 „quum
854 2816 999 2877 Albae
1040 2844 1081 2877 s.
1127 2828 1275 2892 Regis
1308 2828 1544 2891 Stephani
1594 2827 1825 2875 solennes
1873 2841 2069 2889 agerem
2120 2827 2225 2876 dies

288 2910 639 2975 Zagrabienses
682 2910 918 2960 Canonici
946 2941 1024 2967 ,—-
1063 2913 1261 2961 devotas
1301 2917 1629 2975 porrexerunt
1667 2916 1890 2975 preces“
1931 2917 2028 2959 cet.
2082 2911 2226 2960 col-li-

286 3010 399 3058 gere
439 3000 538 3043 est:
581 2993 657 3052 id,
700 2995 832 3057 quod
871 2996 979 3058 lege
1018 2996 1109 3044 hac
1141 2995 1482 3055 constituitur,
1525 3011 1637 3044 mox
1678 3001 1792 3058 post
1830 2994 2125 3059 apotheosin
2171 2996 2219 3045 tl.

286 3078 523 3143 Stephani
554 3077 659 3141 lege
692 3084 774 3127 aut
805 3095 899 3128 usu
931 3079 1209 3128 invaluisse.
1502 3094 1506 3097 ’
1702 3097 1706 3100 ’

462 3165 508 3223 3)
539 3162 609 3211 Ad
641 3161 894 3212 historiam
946 3163 1170 3212 conditae
1214 3163 1336 3227 legis
1387 3164 1534 3229 hujus
1583 3164 1750 3213 literae
1783 3164 1992 3213 Honorii
2031 3163 2125 3213 ΡΡ.
2162 3165 2222 3212 de

283 3264 327 3296 a.
370 3245 529 3296 1222
565 3246 672 3308 (ΙΙΙ.
707 3264 751 3296 v.
793 3245 844 3296 1.
879 3264 928 3312 p.
956 3244 1106 3315 390)
1140 3248 1269 3297 haud
1300 3264 1474 3312 parum
1510 3250 1788 3309 conserunt,
1830 3264 1887 3297 ex
1919 3247 2098 3312 quibus
2128 3264 2222 3312 ap—

283 3339 422 3395 paret
451 3333 498 3381 id
531 3331 745 3396 primum
778 3333 964 3382 ursisse
999 3332 1208 3381 Ordines
1247 3340 1340 3393 „ut
1380 3349 1589 3382 omnes
1631 3334 1839 3398 populi
1878 3333 2064 3397 (regni)
2096 3348 2223 3382 con-

284 3417 477 3464 veniant
507 3416 582 3464 bis
615 3416 661 3464 in
696 3432 851 3474 anno,
898 3418 978 3466 ubi
1012 3417 1155 3465 etiam
1190 3418 1289 3466 Rex
1317 3417 1487 3479 junior
1510 3418 1675 3479 (Bela)
1709 3417 2035 3481 personaliter
2064 3417 2221 3465 inter-

283 3515 391 3548 esse
441 3506 780 3548 teneatur“.
