2358 3874
290 213 365 265 Vl

292 344 358 397 Β.
379 342 488 396 Dei
516 340 702 412 gratia
741 353 842 389 rex
872 335 1194 404 Hungariae
1232 331 1609 402 significamus
1645 334 1923 388 universis
1959 334 2234 404 praesens

290 430 558 500 scriptum
596 423 963 493 inspecturiS,
1018 422 1163 491 quod
1212 421 1546 472 accedentes
1598 423 1669 473 ad
1707 424 2081 490 praesentiam
2134 441 2230 476 no·

290 527 464 571 stram
496 514 743 567 Thomas
794 519 850 562 et
885 510 1102 561 Deman
1142 506 1237 559 filii
1277 506 1521 568 Ombud‚
1571 507 1758 561 Gutha
1795 509 1941 563 filius
1972 510 2230 563 Andreae

292 603 522 674 Zoyzlo.
561 600 733 652 Filius
752 598 920 667 Vega
961 604 1015 647 et
1045 594 1292 646 Thomas
1317 593 1463 646 filius
1492 594 1706 647 Milvan
1740 597 1808 648 de
1842 597 1979 650 villa
2001 596 2232 651 Karcha

291 692 384 764 qui
420 707 484 742 se
523 688 670 739 filios
700 684 1069 755 Jobagionum
1111 681 1305 735 Sancti
1331 681 1511 753 Regis
1552 686 1899 749 asserebant,
1937 701 2039 739 sua
2069 687 2231 739 nobis

288 777 658 833 insinuatione
698 775 1175 835 demonstrarunt,
1220 778 1282 822 ut
1320 788 1444 823 cum
1485 769 1706 839 quidam
1744 769 1942 825 iniuria
1979 773 2230 842 ipsorum

289 870 356 921 de
396 860 726 918 Posoniensi
764 858 1043 912 Comitatu
1092 874 1266 927 super
1314 866 1467 910 statu
1518 857 1793 911 libertatis
1841 859 2099 928 ipsorum
2132 876 2231 913 eos

286 953 457 1008 velint
492 952 763 1019 impetere
803 956 1167 1017 agravanteS‚
1202 947 1429 998 eosdem
1457 946 1604 1016 juris
1635 946 1826 998 ordine
1859 965 1969 1000 non
2003 957 2230 1001 servato

285 1042 600 1095 libertatem
636 1037 886 1106 ipsorum
934 1035 1052 1087 sine
1101 1033 1293 1103 judicii
1341 1034 1578 1102 strepitu
1629 1051 1738 1086 non
1790 1039 2231 1105 permitteremus

285 1131 341 1182 in
379 1127 566 1197 aliquo
605 1123 868 1178 vacillare
890 1125 956 1191 ⁵),
996 1131 1051 1174 et
1100 1122 1228 1191 quia
1268 1123 1569 1173 eorundem
1608 1122 1801 1189 petitio
1832 1123 1990 1193 justa
2026 1122 2230 1188 fuerat,

287 1226 342 1270 et
377 1215 614 1268 honesta
652 1219 843 1280 utpote
885 1211 1221 1263 conveniens
1260 1209 1525 1279 aequitati
1573 1211 1640 1262 de
1681 1209 2022 1280 benignitate
2060 1212 2229 1265 admi-

286 1305 459 1358 simus
498 1309 786 1354 consveta.
837 1298 1251 1367 praecipientes
1289 1297 1544 1350 omnibus
1583 1297 1870 1351 Judicibus
1907 1297 2135 1351 firmiter
2175 1308 2231 1352 et

286 1391 552 1455 districte,
588 1396 651 1441 ut
685 1386 870 1440 nullus
907 1387 1065 1455 ipsos
1104 1403 1276 1454 super
1314 1394 1465 1438 statu
1490 1385 1750 1439 libertate
1780 1387 2031 1455 ipsorum
2067 1403 2228 1455 prae-

285 1486 524 1534 summat
562 1492 864 1547 agravare‚
902 1474 1009 1527 nisi
1046 1483 1214 1543 prout
1255 1473 1427 1544 exigit
1465 1476 1602 1526 ordo
1645 1473 1814 1527 Juris.
1875 1475 2083 1527 Datum
2123 1474 2229 1527 Po·

288 1566 432 1621 sonii
476 1566 531 1618 in
572 1564 699 1616 Oct.
737 1562 941 1631 Apost.
984 1562 1136 1613 Petri
1186 1569 1240 1613 et
1289 1560 1450 1613 Pauli
1481 1561 1570 1631 (a)
1609 1593 1680 1599 ——
1738 1561 1857 1614 Nos
1905 1562 2075 1632 igitur
2112 1562 2229 1615 dili-

285 1662 511 1727 gentem
550 1650 825 1703 facientes
861 1649 1268 1720 inquisitionem
1307 1648 1489 1700 oculte
1533 1657 1587 1700 et
1624 1649 1913 1702 manifeste
1956 1666 2128 1719 super
2163 1650 2228 1703 li-

281 1744 498 1795 bertate
533 1739 785 1807 ipsorum
823 1731 935 1804 per*
966 1751 1165 1788 omnes
1203 1734 1548 1806 Jobagiones
1590 1737 1839 1807 ejusdem
1881 1735 2086 1802 Castri,
2123 1737 2227 1791 Ca-

283 1836 563 1889 strenseS‚
613 1833 668 1876 et
693 1823 934 1876 'Nobiles
987 1824 1235 1893 ejusdem
1275 1824 1596 1891 provinciae
1635 1825 1880 1877 constitit
1926 1826 2088 1879 nobis
2127 1827 2227 1878 eos

281 1914 476 1978 fuisse,
517 1920 572 1964 et
610 1928 739 1964 esse
779 1927 945 1965 veros
983 1910 1130 1963 filios
1169 1910 1542 1981 Jobagionum
1582 1909 1776 1965 Sancti
1814 1912 2021 1983 Regis,
2078 1922 2135 1966 et
2169 1914 2226 1966 iu

283 2003 480 2055 eadem
517 2000 790 2062 libertate,
829 2016 938 2068 qua
977 2001 1330 2069 gaudebant,
1372 2001 1599 2051 eosdem
1638 2009 1821 2063 stare,
1873 2000 2227 2069 permisimus

280 2090 335 2142 in
373 2095 704 2158 perpetuum
742 2085 974 2155 pacifice
1015 2095 1070 2138 et
1108 2087 1310 2155 quiete.
1369 2085 1441 2138 Et
1478 2088 1551 2139 ad
1591 2088 1836 2158 ejusdem
1890 2088 1972 2141 rei
2021 2104 2227 2140 memo·

278 2177 419 2230 riam
454 2175 651 2228 literas
687 2182 1018 2243 praesentes
1057 2173 1367 2244 sigillorum
1406 2183 1722 2227 nostrorum
1773 2174 2080 2245 patrocinio
2130 2192 2224 2228 co-

279 2266 518 2317 munitas
557 2261 814 2315 duximus
852 2263 1265 2314 concedendas.
1307 2261 1513 2314 Datum
1547 2262 1773 2314 Posonii
1810 2263 1865 2315 in
1890 2263 2015 2315 Oct.
2029 2261 2226 2316 Sancti

280 2351 496 2406 Nicolai
534 2366 682 2403 anno
720 2349 942 2403 Domini
979 2349 1270 2402 millesimo
1319 2350 1696 2403 ducentesimo
1746 2349 1809 2403 L.
1850 2351 2038 2423 quinto
2063 2354 2130 2420 ⁶).
2153 2380 2220 2389 -·

433 2602 476 2664 5)
503 2603 601 2649 Lib.
631 2604 704 2651 111.
733 2603 760 2662 s
792 2600 911 2650 139.

431 2690 476 2752 ⁶)
504 2691 603 2736 Vidi
643 2698 690 2737 et
714 2692 863 2752 ipsum
891 2694 1226 2754 autographum
1252 2696 1523 2750 Literarum;
1556 2710 1672 2755 quae
1700 2696 1775 2741 hic
1816 2695 2069 2754 exscriptae
2095 2700 2218 2747 sunt,

279 2763 535 2826 exemplum
560 2764 668 2810 hina
697 2765 942 2811 etiamnum
969 2767 1129 2827 sigilla,
1162 2774 1209 2812 et
1234 2767 1345 2814 illud
1373 2771 1557 2829 quidem
1592 2769 1782 2815 Palatini
1816 2782 1841 2813 a
1878 2767 2062 2820 dextro,
2104 2766 2219 2826 Epi—

276 2837 404 2896 scopi
430 2851 455 2882 a
483 2837 667 2882 sinistro
713 2838 853 2883 latere
893 2853 946 2884 ex
979 2839 1066 2885 filis
1095 2840 1308 2894 sericeis,
1340 2855 1534 2901 quorum
1561 2848 1713 2887 tamen
1753 2840 1882 2885 color
1907 2838 2104 2884 discerni
2123 2837 2218 2897 jam

275 2910 446 2968 nequit,
491 2909 795 2969 dependentia
832 2911 1066 2959 exhibens.
1119 2913 1277 2973 Neque
1313 2915 1438 2960 nulla
1471 2915 1595 2959 inter
1629 2913 1761 2966 illud,
1805 2912 2072 2972 copiamque
2101 2911 2219 2956 hanc

279 2981 536 3028 differentia
574 2988 658 3029 est.
701 2983 811 3028 Post
849 2983 942 3036 „ad
969 2985 1283 3030 universorum
1313 2987 1571 3039 notitiam“,
1616 2985 1676 3030 ibi
1706 2991 1776 3031 est
1815 2985 2010 3038 „harum
2043 2984 2218 3029 serie.“

273 3054 384 3099 Post
411 3054 601 3099 Gutham
630 3055 886 3114 ,‚Heydur“
913 3056 1207 3104 intersertum
1237 3064 1282 3102 et
1318 3059 1492 3117 reliqua
1519 3060 1576 3104 ita
1618 3064 1894 3119 sequuntur,
1926 3093 1955 3110 ‚‚
1974 3057 2213 3110 Condram‚

274 3126 461 3181 Demen,
493 3127 747 3187 Zoyzlaum,
779 3128 995 3173 Thomam
1023 3129 1163 3174 filium
1190 3130 1349 3175 Milvan
1376 3131 1493 3177 filios
1520 3131 1822 3191 Jobagionum
1852 3130 2007 3177 Sancti
2023 3129 2215 3189 Regis.“

273 3199 466 3246 Inferius
495 3200 587 3253 „ad
614 3201 703 3246 hoc
731 3206 778 3246 et
805 3201 928 3260 quod
956 3202 1054 3246 sine
1083 3203 1278 3262 strepitu
1299 3203 1502 3261 judicii“
1531 3204 1591 3249 ihi
1618 3205 1678 3251 ita
1707 3203 1975 3263 exprimitur
2000 3202 2100 3255 „ad
2127 3202 2215 3247 hoo

276 3272 425 3325 etiam,
458 3273 582 3333 quod
609 3273 709 3318 sine
739 3274 933 3333 strepitu
954 3273 1143 3332 judicali
1169 3275 1357 3321 libertas
1385 3277 1587 3337 ipsorum
1616 3291 1708 3321 non
1737 3280 2054 3335 gravaretur.“
2105 3274 2216 3319 Post

272 3343 386 3388 haec
411 3345 567 3390 verba:
599 3352 686 3398 „ut
713 3360 814 3391 cum
843 3346 1025 3405 quidam
1052 3347 1215 3405 injuria
1244 3349 1482 3408 ipsorum“
1510 3350 1680 3395 rectius
1707 3349 1767 3395 ibi
1795 3356 1882 3402 „ut
1901 3362 2001 3394 cum
2030 3346 2211 3408 quidam

271 3415 436 3461 inimici
466 3417 722 3476 ipsorum“.
752 3419 807 3463 Et
834 3419 1016 3465 demum
1039 3420 1141 3465 loco
1171 3434 1347 3481 „super
1374 3429 1494 3469 statu
1521 3423 1766 3468 libertate“
1795 3434 1973 3482 „super
2002 3426 2123 3466 statu
2149 3418 2212 3463 li-

272 3486 460 3533 bertatis
489 3490 745 3548 ipsorum,“
774 3492 1013 3537 commode
1041 3492 1271 3552 leguntur.
