2358 3874
282 214 402 267 180

1164 378 1205 451 §¹
1251 380 1306 433 8.

951 527 1173 590 Regem
1220 525 1546 584 illustrem,

430 692 597 750 Haec
630 684 952 748 Ladislaus
983 683 1140 746 bello
1172 695 1381 745 contra
1405 683 1778 759 ottocarum,
1811 686 1982 768 cujus
2055 706 2222 770 erpe-

279 773 424 836 trati
472 771 626 833 diem
675 773 847 851 (Vll.
876 766 1174 831 Calendas
1218 766 1611 853 Septembres
1660 789 1709 828 a.
1752 775 1946 846 1276)
1998 707 2222 830 {gestum

280 856 562 919 universo
592 877 785 939 regno
818 853 1017 916 edixit.
1051 851 1174 914 Sed
1200 874 1382 937 prope
1412 853 1639 935 majora
1669 863 1830 928 sunt,
1864 874 2034 937 quae,
2067 875 2222 914 anno

279 952 436 1026 post,
469 962 615 1025 pace
648 938 861 1024 gessit.
899 936 1073 1013 Quod
1105 935 1261 998 enim
1293 958 1409 998 non
1441 947 1643 1031 pater,
1692 957 1812 998 non
1852 959 1999 998 avus
2041 959 2226 998 ausus

281 1037 397 1101 est,
429 1036 497 1086 ut
526 1024 825 1086 fortunam
859 1021 1087 1084 laboris
1120 1020 1378 1083 omnium
1404 1018 1750 1096 d1sficillimi‚
1775 1023 2098 1097 CumanoS,
2125 1019 2223 1106 qui

282 1111 342 1170 in
376 1109 636 1195 speciem
669 1106 979 1192 quamdam
1010 1105 1284 1190 perpetui
1316 1104 1618 1166 exercitus
1652 1103 1855 1180 simul,
1889 1106 2002 1168 sub
2033 1117 2228 1168 tento-

281 1193 388 1255 riis
439 1190 772 1277 degebant,
824 1190 898 1252 ad
952 1189 1297 1252 dividendos
1352 1188 1412 1249 in
1466 1188 1666 1274 plagis
1715 1189 1830 1251 sibi
1888 1189 2228 1275 adsignatis

281 1300 499 1360 agroS‚
550 1276 758 1338 domos
790 1273 1139 1349 struendas,
1180 1272 1707 1370 amplectendaque
1748 1273 2027 1338 universe
2057 1273 2229 1337 Chri-

283 1358 480 1423 stiana
511 1383 687 1422 sacra
717 1356 1136 1444 adstringendi
1177 1357 1688 1444 perlclitarentur3
1741 1358 1853 1422 hoc
1883 1359 2229 1435 Ladislaus,

283 1446 446 1508 bona·
471 1446 762 1508 hactenus
793 1442 1056 1529 Philippi
1083 1441 1273 1528 legati
1305 1442 1603 1504 Pontificii
1635 1466 1816 1529 opera
1845 1466 1996 1506 usus
2015 1492 2030 1520 ‚
2076 1467 2231 1506 anno

285 1538 453 1593 1279
508 1528 774 1615 peregit,
853 1552 969 1613 quo
1030 1527 1092 1589 in
1142 1539 1436 1589 conventu
1500 1528 1706 1612 regni,
1760 1527 2044 1614 auspiciis
2098 1531 2229 1614 ejus

285 1627 498 1698 quarto
538 1612 682 1675 Idus
720 1613 997 1698 Augusti
1040 1611 1378 1686 celebrato,
1426 1634 1528 1673 res
1569 1634 1774 1674 eorum
1826 1625 1947 1692 tam
1997 1635 2228 1690 sacrae,

283 1721 459 1782 quam
516 1699 800 1784 profanae
856 1695 1100 1781 scriptis
1160 1695 1438 1758 definitae
1494 1708 1636 1758 sunt
1678 1696 1937 1781 legibus,
1985 1700 2232 1760 Summa

282 1781 525 1844 harum:
556 1780 798 1844 Domini
847 1780 918 1842 de
950 1778 1264 1856 CumaniS,
1304 1779 1686 1865 Nobilesque
1726 1793 1786 1843 et
1817 1782 2139 1845 universus
2169 1783 2228 1844 in

281 1869 706 1951 generationes
746 1877 975 1950 septem
1008 1863 1236 1926 divisus
1267 1865 1551 1950 populuS‚
1598 1864 1671 1927 ad
1721 1866 1966 1929 flumina
2001 1879 2229 1930 terras-

283 1973 416 2035 que,
448 1974 556 2036 per
577 1950 785 2012 Belam
806 1953 923 2012 IV.
949 1948 1302 2033 assignatas
1333 1949 1468 2026 sibi,
1500 1951 1681 2011 fixam
1712 1949 1973 2014 habeant
2003 1951 2227 2028 sedem,

284 2034 437 2096 hanc
482 2058 556 2096 ue
594 2038 735 2120 jure
773 2045 1020 2118 teneant
1049 2033 1220 2094 firmo
1265 2034 1442 2117 regni
1485 2033 1788 2096 nobilium.
1834 2035 2135 2133 Quidquid
2167 2037 2231 2098 in

283 2057 568 2181 locisqhis
616 2130 845 2195 esset,-'
861 2118 1019 2203 quod
1060 2129 1354 2179 terrarum
1395 2117 1581 2179 castri
1622 2131 1726 2181 aut
1755 2117 2230 2183 Udvarnlcorum

283 2203 579 2288 regalium
623 2203 715 2265 vel
770 2203 1019 2265 aliorum
1052 2201 1645 2279 conditionariorum,
1689 2204 1786 2266 vel
1834 2203 2088 2290 denique
2125 2205 2230 2268 ho-

283 2288 503 2349 minum
551 2287 837 2350 nobilium
882 2286 1014 2350 sine
1069 2286 1329 2350 haerede
1377 2286 1784 2350 decedentium
1835 2290 2106 2367 nomine,
2156 2290 2228 2352 ad

284 2374 515 2455 Regem
546 2373 902 2458 pertineret,
942 2384 1143 2434 terrae
1172 2370 1313 2434 item
1344 2371 1658 2434 Nobilium
1689 2384 1750 2435 et
1777 2373 2228 2460 Jobbagionum

285 2456 509 2531 castri,
539 2479 690 2540 quae
732 2479 767 2518 a
804 2467 1073 2541 tempore
1102 2459 1469 2518 Tatarorum
1506 2479 1732 2520 vacuae
1770 2458 2130 2535 existerent,
2169 2459 2228 2520 in

284 2541 686 2602 Cumanorum
718 2539 932 2603 cedant
962 2539 1419 2626 proprietatem3
1449 2541 1711 2604 Nobiles
1742 2566 1886 2605 vero
1918 2539 1980 2606 et
1999 2543 2229 2607 Jobba-

283 2624 497 2708 giones
538 2624 752 2701 castri,
801 2624 1018 2710 quibus
1067 2624 1288 2710 aliquid
1326 2625 1485 2711 juris
1527 2626 1600 2688 ad
1637 2639 1856 2689 terrasx
1881 2626 1994 2690 has
2041 2641 2228 2704 esset,

282 2707 395 2770 hoc
425 2709 696 2794 probato,
729 2721 832 2771 aut
863 2732 1002 2772 aere
1032 2723 1380 2793 praesente,
1413 2722 1518 2772 aut
1547 2711 1881 2796 aequalium
1900 2712 2228 2775 vcollatione

284 2793 574 2855 bonorum
619 2793 926 2856 indemnes
967 2793 1307 2858 reddantur.
1352 2795 1593 2856 Domini
1625 2807 1684 2857 et
1712 2795 1972 2858 Nobiles
2005 2796 2224 2859 de‘Cu-

283 2876 475 2937 manis
507 2890 705 2940 terras
735 2879 845 2939 has
875 2900 983 2973 per
1013 2879 1289 2964 singulas
1330 2878 1447 2964 ipsi
1479 2879 1906 2963 generationes
1942 2879 2226 2954 dividant,

283 2983 391 3045 pro
436 2960 609 3023 modo
651 2974 710 3023 et
741 2962 1025 3106 qualitate
1064 2962 1383 3048 cujuslibet
1413 2961 1542 3024 sive
1586 2975 1816 3025 statu.
1866 2963 2055 3040 Iidem
2097 2969 2225 3028 uni-

284 3044 443 3106 versi
475 3057 535 3107 et
565 3043 748 3129 singu
773 3045 811 3120 i,
844 3045 1079 3130 quoties
1098 3049 1230 3109 Rex
1259 3046 1390 3131 ipse
1413 3047 1741 3109 exercitum
1772 3046 2026 3126 duxerit,
2059 3071 2223 3113 more

283 3141 618 3191 ceterorum
646 3128 932 3191 nobilium
962 3129 1279 3215 Regalium
1309 3130 1698 3195 servientium
1735 3131 1951 3197 adesse
1980 3146 2225 3198 tenean-

283 3224 419 3285 tur3
479 3235 684 3299 parem
737 3212 935 3276 daturi
984 3237 1264 3301 poenam,
1317 3215 1371 3277 si
1424 3216 1618 3280 officio
1666 3216 1967 3281 deessent.
2019 3217 2222 3282 Judex

285 3308 632 3359 cunctorum
662 3298 978 3360 Palatinus
1008 3297 1208 3383 Regni
1238 3298 1338 3376 sit,
1372 3323 1708 3387 causasque
1739 3324 1943 3364 eorum
1974 3325 2107 3365 cum
2137 3302 2224 3364 in-

287 3380 434 3440 colis
465 3380 639 3464 regni
672 3382 967 3459 excutiat,
1017 3383 1321 3446 assidente
1350 3385 1568 3448 Judice
1613 3408 1722 3447 seu
1764 3385 2079 3473 Principe,
2125 3387 2224 3472 qui

285 3460 342 3522 in
377 3465 764 3546 generatione
795 3489 1028 3551 quaque
1058 3467 1236 3530 suerit
1269 3469 1649 3531 constitutus
1684 3472 1942 3532 Causam
1976 3472 2221 3556 sangui-
