2280 3918
1935 240 2015 296 37

111 377 392 441 exercitui
435 377 562 461 ipse
616 375 867 461 praefuit
913 397 1148 460 semper
1203 387 1262 436 et
1319 377 1455 459 quia
1503 397 1800 459 nunquam
1854 399 2016 440 arma

107 462 336 538 sumsit,
370 461 484 523 nisi
505 465 671 547 justa
705 485 914 537 causa,
961 459 1021 522 id
1053 472 1410 522 consecutus
1441 472 1565 536 est,
1612 472 1676 522 ut
1716 484 2013 546 nunquam

106 570 174 608 ea
206 560 468 633 poneret,
500 547 616 608 nisi
648 546 852 609 victor.
890 550 968 608 Et
1000 547 1301 629 Syrmium
1331 543 1528 630 itaque
1558 557 2017 608 transsavanum

105 645 164 694 et
194 631 373 704 urbes
404 636 564 695 lstro
598 632 853 708 adsitaS,
894 653 1043 715 quae
1074 627 1458 693 defectionem
1497 629 1569 692 ad
1598 654 1854 715 graecos
1894 655 2015 695 mo-

105 716 417 794 liebantur,
448 741 636 804 usque
666 721 727 780 N
736 717 916 778 issam
945 728 1214 801 promoto
1247 715 1528 792 exercitu,
1562 715 1633 778 ad
1667 716 2014 803 obsequium

103 805 416 866 revocavit.
462 807 541 866 Et
574 806 892 866 Cutescum
925 800 1260 887 Principem
1293 799 1659 879 Chunorum,
1694 826 1866 888 quem
1903 806 2012 865 Sa-

103 888 297 950 lomon
329 888 473 950 inita
503 912 689 974 nuper
725 910 864 973 pace
897 886 1166 973 abrupta,
1205 885 1276 947 ad
1303 887 1689 950 invadendam
1728 907 1856 949 cum
1894 911 2015 950 ma«

103 972 260 1034 xima
289 996 528 1036 suorum
562 997 733 1034 manu
764 971 1135 1056 Hungariam
1166 972 1485 1058 persuasit,
1516 973 1576 1033 in
1608 973 1826 1035 finibus
1855 978 2016 1036 Mar—

103 1057 332 1120 maticis
363 1058 531 1143 gravi
563 1057 854 1120 adfectum
887 1057 1051 1121 clade
1086 1056 1436 1144 perdomuit,
1485 1057 1630 1119 alias
1662 1057 1870 1121 deinde
1900 1063 2015 1122 Cu-

104 1166 405 1206 manorum
453 1142 678 1228 copias,
734 1142 833 1228 qui
885 1143 1064 1206 ductu
1112 1142 1426 1229 Kopulcsii
1468 1143 2012 1229 Transylvaniam;

109 1252 242 1291 mox
271 1251 479 1311 agrum
509 1227 920 1310 Bihariensem
959 1241 1018 1291 et
1046 1228 1327 1314 regiones
1366 1227 1440 1290 ad
1473 1228 1782 1291 Tibiscum
1817 1242 2015 1292 vasta—

106 1314 273 1390 bant,
304 1311 481 1390 fudit,
527 1311 779 1399 dataque
818 1313 1007 1400 captis
1050 1314 1309 1401 optione,
1351 1313 1578 1379 Christi
1608 1315 1874 1401 profiteri
1913 1340 2016 1378 no-

104 1421 253 1474 men,
286 1421 363 1460 an
397 1400 623 1462 servire
653 1399 920 1475 mallent,
962 1421 1093 1461 cum
1121 1398 1356 1485 plurimi
1385 1399 1635 1486 primum
1668 1400 2015 1484 elegissent,

101 1481 423 1570 plagashis
445 1484 518 1547 ad
540 1484 847 1547 Tibiscum
873 1497 932 1548 et
951 1487 1266 1570 Zagyvam
1290 1483 1630 1548 incolendas
1663 1485 2012 1571 assignavit.

962 1676 1004 1752 ς
1050 1679 1146 1736 19.

102 1828 529 1893 Armorumque
559 1828 851 1878 felicitate
892 1827 1141 1892 gloriam
1178 1827 1559 1878 fortitudinis
1593 1829 2015 1894 Hungarorum

261 1913 573 1979 perpetuis
610 1913 908 1975 victoriiS‚
955 1912 1352 1963 Territorium
1392 1913 1635 1963 Croatia
1674 1915 1855 1968 auxit.

279 2072 528 2136 Finibus
573 2075 776 2158 regni,
841 2096 956 2159 qua
1004 2072 1101 2135 his
1155 2097 1261 2160 per
1306 2074 1567 2137 Polonos
1601 2074 2019 2161 Bohemosque

111 2158 479 2257 decerptum,
531 2158 955 2245 redintegratis
991 2158 1293 2222 territorio
1352 2160 1700 2245 Hungariae
1750 2184 1799 2223 a.
1855 2168 2020 2225 1089

111 2247 410 2308 Oroatlam
447 2243 674 2330 adjecit.
717 2248 948 2307 Ansam
985 2244 1074 2307 rei
1118 2243 1414 2327 gerendae
1457 2244 1773 2322 sactioneS,
1807 2246 2018 2331 quibus

111 2329 380 2393 adflictae
429 2353 463 2392 a
508 2330 647 2393 fatis
687 2329 1054 2392 Zwoinimiri
1093 2330 1223 2391 sine
1260 2328 1515 2394 haerede
1565 2330 1865 2409 obeuntiS,
1919 2356 2020 2395 res

112 2416 385 2478 Croatiae
422 2428 560 2502 post
596 2428 844 2478 mortem
886 2414 1176 2501 Stephani
1201 2419 1277 2477 ΙΙ.
1312 2415 1372 2477 in
1411 2416 1749 2479 anarchiam
1789 2418 2019 2503 propel-

115 2500 404 2577 lebantur,
456 2500 747 2585 uniusque
773 2524 846 2563 ex
889 2501 1267 2587 optimatibus
1307 2524 1517 2588 preces
1545 2502 2018 2589 suppeditabant,

113 2585 212 2671 qui
241 2584 552 2671 tyrannide
576 2585 940 2671 popularium
971 2599 1222 2648 vexatus
1253 2611 1420 2674 opem
1449 2587 1718 2650 Ladislai
1747 2587 2020 2675 implora-

111 2671 229 2733 bat.
281 2675 448 2734 Haec
489 2671 559 2734 ad
597 2693 802 2732 ansam
829 2719 844 2748 ,
916 2671 1490 2757 oportunitatemque
1544 2673 1632 2735 rei
1682 2672 2018 2758 gerendae;

113 2779 247 2819 nam
288 2755 359 2820 de
401 2779 493 2832 re,
539 2779 832 2842 causaque
870 2756 1031 2843 ipsa,
1099 2779 1247 2842 quae
1286 2756 1436 2819 tanti
1466 2757 1672 2835 fuerit,
1715 2771 1781 2821 ut
1823 2762 1952 2822 Rex
1983 2782 2017 2820 a

35 2911 38 2918 ³
114 2841 284 2905 laude
297 2841 568 2928 justitiae
591 2854 718 2904 toto
751 2841 893 2905 orbe
921 2841 1276 2919 celebratuS,
1306 2866 1425 2905 non
1451 2841 1524 2905 ad
1544 2843 2019 2930 componendam,

116 2925 224 2990 sed
265 2926 739 3012 subjungendam
787 2927 1135 3013 Hungariae
1180 2927 1479 2991 Oroatiam
1524 2926 1795 3007 duceret,
1868 2929 2023 2992 inter

116 3011 439 3109 scriptores
470 3012 782 3100 discrepat.
827 3012 978 3076 Mihi
1009 3036 1209 3077 eorum
1244 3013 1529 3100 probatur
1559 3016 1871 3092 sententia,
1923 3014 2020 3101 qui

117 3097 344 3160 initium
376 3098 710 3182 Hungarici
738 3098 797 3160 in
826 3099 1097 3186 partibus
1132 3099 1225 3161 his
1263 3102 1418 3186 juris
1459 3099 1531 3162 ab
1563 3112 1757 3164 aetate
1788 3103 2019 3163 Ducum

118 3194 444 3245 arcessunt.
509 3183 823 3246 Enimvero
869 3183 980 3247 hoc
1020 3208 1322 3247 sacrarum
1366 3186 1667 3248 literarum
1712 3187 2018 3248 monitum:

32 3268 49 3293 ’·
119 3270 311 3344 „Non
351 3267 813 3352 transgredieris
851 3269 1136 3333 terminos
1187 3273 1433 3333 Patrum
1481 3279 1790 3346 tuoru‘m,“
1838 3271 1890 3331 si
1928 3271 2020 3332 cui

119 3357 349 3439 Regum
388 3351 723 3438 aliquando,
779 3353 1060 3417 Ladislao
1098 3354 1328 3439 quidem
1365 3379 1471 3442 pro
1503 3357 1645 3439 lege
1675 3355 1860 3421 fuisse
1905 3380 2019 3418 uno

120 3443 370 3501 omnium
423 3461 524 3501 ore
578 3441 932 3524 scriptorum
967 3441 1381 3519 confirmatur,
1447 3464 1516 3503 ac
1565 3464 1671 3527 per
1728 3440 2017 3504 Thomam

122 3524 611 3588 Archidiaconum
647 3525 1061 3610 spalatensem
1103 3526 1392 3606 maxime,
1443 3526 1540 3612 qui
1592 3526 1675 3589 ita
1696 3527 1766 3590 de
1790 3528 2016 3614 subjec*
