<?xml version="1.0" encoding="UTF-8"?>
<!DOCTYPE html PUBLIC "-//W3C//DTD XHTML 1.0 Transitional//EN"
    "http://www.w3.org/TR/xhtml1/DTD/xhtml1-transitional.dtd">
<html xmlns="http://www.w3.org/1999/xhtml" xml:lang="en" lang="en">
 <head>
  <title>
</title>
<meta http-equiv="Content-Type" content="text/html;charset=utf-8" />
  <meta name='ocr-system' content='tesseract 3.04.00' />
  <meta name='ocr-capabilities' content='ocr_page ocr_carea ocr_par ocr_line ocrx_word'/>
</head>
<body>
  <div class='ocr_page' id='page_1' title='image "./commentariorumad02bart_0201.png"; bbox 0 0 2358 3874; ppageno 0'>
   <div class='ocr_carea' id='block_1_1' title="bbox 1963 218 2087 279">
    <p class='ocr_par' dir='ltr' id='par_1_1' title="bbox 1963 218 2087 279">
     <span class='ocr_line' id='line_1_1' title="bbox 1963 218 2087 279; baseline 0.008 -2"><span class='ocrx_word' id='word_1_1' title='bbox 1963 218 2087 279; x_wconf 80' lang='lat'>195</span> 
     </span>
    </p>
   </div>
   <div class='ocr_carea' id='block_1_2' title="bbox 154 351 2095 1444">
    <p class='ocr_par' dir='ltr' id='par_1_2' title="bbox 154 351 2095 1444">
     <span class='ocr_line' id='line_1_2' title="bbox 158 351 2091 444; baseline 0.003 -28"><span class='ocrx_word' id='word_1_2' title='bbox 158 375 264 440; x_wconf 91' lang='lat' dir='ltr'>per</span> <span class='ocrx_word' id='word_1_3' title='bbox 301 356 577 438; x_wconf 81' lang='lat' dir='ltr'>Regnum</span> <span class='ocrx_word' id='word_1_4' title='bbox 620 351 1087 438; x_wconf 79' lang='lat' dir='ltr'>deputatorum“</span> <span class='ocrx_word' id='word_1_5' title='bbox 1131 351 1512 437; x_wconf 83' lang='lat' dir='ltr'>significant3</span> <span class='ocrx_word' id='word_1_6' title='bbox 1556 377 1675 417; x_wconf 89' lang='lat' dir='ltr'>non</span> <span class='ocrx_word' id='word_1_7' title='bbox 1725 357 1918 420; x_wconf 91' lang='lat' dir='ltr'>multo-</span> <span class='ocrx_word' id='word_1_8' title='bbox 1953 371 2091 444; x_wconf 90' lang='lat' dir='ltr'>post</span> 
     </span>
     <span class='ocr_line' id='line_1_3' title="bbox 158 436 2090 510; baseline 0.003 -12"><span class='ocrx_word' id='word_1_9' title='bbox 158 448 268 498; x_wconf 91' lang='lat' dir='ltr'>art.</span> <span class='ocrx_word' id='word_1_10' title='bbox 291 440 529 500; x_wconf 84' lang='lat' dir='ltr'>XXIII.</span> <span class='ocrx_word' id='word_1_11' title='bbox 561 437 808 499; x_wconf 89' lang='lat' dir='ltr'>Decreti</span> <span class='ocrx_word' id='word_1_12' title='bbox 839 436 912 500; x_wconf 90' lang='lat' dir='ltr'>de</span> <span class='ocrx_word' id='word_1_13' title='bbox 943 461 993 500; x_wconf 86' lang='lat' dir='ltr'>a.</span> <span class='ocrx_word' id='word_1_14' title='bbox 1028 444 1194 501; x_wconf 79' lang='lat'>1298</span> <span class='ocrx_word' id='word_1_15' title='bbox 1225 438 1407 500; x_wconf 88' lang='lat' dir='ltr'>latius</span> <span class='ocrx_word' id='word_1_16' title='bbox 1427 487 1439 510; x_wconf 90' lang='lat'>‚</span> <span class='ocrx_word' id='word_1_17' title='bbox 1485 439 1547 501; x_wconf 93' lang='lat' dir='ltr'>in</span> <span class='ocrx_word' id='word_1_18' title='bbox 1587 438 1735 503; x_wconf 90' lang='lat' dir='ltr'>haec</span> <span class='ocrx_word' id='word_1_19' title='bbox 1763 441 1949 504; x_wconf 89' lang='lat' dir='ltr'>verba</span> <span class='ocrx_word' id='word_1_20' title='bbox 1988 464 2090 504; x_wconf 87' lang='lat' dir='ltr'>ex—</span> 
     </span>
     <span class='ocr_line' id='line_1_4' title="bbox 155 521 2092 665; baseline 0.004 -84"><span class='ocrx_word' id='word_1_21' title='bbox 155 521 420 665; x_wconf 65' lang='lat' dir='ltr'>plicitum</span> <span class='ocrx_word' id='word_1_22' title='bbox 459 526 658 597; x_wconf 87' lang='lat' dir='ltr'>„ltem</span> <span class='ocrx_word' id='word_1_23' title='bbox 694 521 1037 599; x_wconf 78' lang='lat' dir='ltr'>statuimuS,</span> <span class='ocrx_word' id='word_1_24' title='bbox 1070 534 1136 584; x_wconf 91' lang='lat' dir='ltr'>ut</span> <span class='ocrx_word' id='word_1_25' title='bbox 1160 522 1343 584; x_wconf 84' lang='lat' dir='ltr'>Curia</span> <span class='ocrx_word' id='word_1_26' title='bbox 1364 524 1606 586; x_wconf 86' lang='lat' dir='ltr'>Domini</span> <span class='ocrx_word' id='word_1_27' title='bbox 1631 525 1822 611; x_wconf 89' lang='lat' dir='ltr'>Regis</span> <span class='ocrx_word' id='word_1_28' title='bbox 1853 525 2092 589; x_wconf 87' lang='lat' dir='ltr'>honori-</span> 
     </span>
     <span class='ocr_line' id='line_1_5' title="bbox 178 606 2093 695; baseline 0.003 -30"><span class='ocrx_word' id='word_1_29' title='bbox 178 607 430 670; x_wconf 81' lang='lat' dir='ltr'>icentius</span> <span class='ocrx_word' id='word_1_30' title='bbox 481 606 614 690; x_wconf 89' lang='lat' dir='ltr'>regi</span> <span class='ocrx_word' id='word_1_31' title='bbox 654 606 865 692; x_wconf 88' lang='lat' dir='ltr'>possit,</span> <span class='ocrx_word' id='word_1_32' title='bbox 898 619 958 670; x_wconf 91' lang='lat' dir='ltr'>et</span> <span class='ocrx_word' id='word_1_33' title='bbox 985 630 1239 692; x_wconf 88' lang='lat' dir='ltr'>regnum</span> <span class='ocrx_word' id='word_1_34' title='bbox 1262 608 1614 693; x_wconf 85' lang='lat' dir='ltr'>Hungariae</span> <span class='ocrx_word' id='word_1_35' title='bbox 1644 607 1952 673; x_wconf 82' lang='lat' dir='ltr'><strong>decentius</strong></span> <span class='ocrx_word' id='word_1_36' title='bbox 1982 634 2093 695; x_wconf 90' lang='lat' dir='ltr'>gu-</span> 
     </span>
     <span class='ocr_line' id='line_1_6' title="bbox 154 691 2092 776; baseline 0 -20"><span class='ocrx_word' id='word_1_37' title='bbox 154 691 421 766; x_wconf 87' lang='lat' dir='ltr'>bernari,</span> <span class='ocrx_word' id='word_1_38' title='bbox 462 691 756 753; x_wconf 87' lang='lat' dir='ltr'>Dominus</span> <span class='ocrx_word' id='word_1_39' title='bbox 813 703 1022 754; x_wconf 88' lang='lat' dir='ltr'>noster</span> <span class='ocrx_word' id='word_1_40' title='bbox 1058 695 1188 754; x_wconf 83' lang='lat' dir='ltr'>Rex</span> <span class='ocrx_word' id='word_1_41' title='bbox 1234 692 1493 776; x_wconf 85' lang='lat' dir='ltr'>singulis</span> <span class='ocrx_word' id='word_1_42' title='bbox 1541 693 1736 756; x_wconf 87' lang='lat' dir='ltr'>tribus</span> <span class='ocrx_word' id='word_1_43' title='bbox 1783 695 2092 758; x_wconf 89' lang='lat' dir='ltr'>mensibus</span> 
     </span>
     <span class='ocr_line' id='line_1_7' title="bbox 157 773 2091 865; baseline 0.001 -27"><span class='ocrx_word' id='word_1_44' title='bbox 157 776 433 862; x_wconf 86' lang='lat' dir='ltr'>singulos</span> <span class='ocrx_word' id='word_1_45' title='bbox 464 773 612 837; x_wconf 90' lang='lat' dir='ltr'>duos</span> <span class='ocrx_word' id='word_1_46' title='bbox 643 777 1004 862; x_wconf 85' lang='lat' dir='ltr'>Episcopos:</span> <span class='ocrx_word' id='word_1_47' title='bbox 1053 798 1231 837; x_wconf 90' lang='lat' dir='ltr'>unum</span> <span class='ocrx_word' id='word_1_48' title='bbox 1280 776 1351 838; x_wconf 91' lang='lat' dir='ltr'>de</span> <span class='ocrx_word' id='word_1_49' title='bbox 1394 778 1774 863; x_wconf 84' lang='lat' dir='ltr'>sufraganeis</span> <span class='ocrx_word' id='word_1_50' title='bbox 1821 779 2091 865; x_wconf 84' lang='lat' dir='ltr'>Strigon.</span> 
     </span>
     <span class='ocr_line' id='line_1_8' title="bbox 155 858 2094 949; baseline 0.001 -25"><span class='ocrx_word' id='word_1_51' title='bbox 155 874 216 924; x_wconf 91' lang='lat' dir='ltr'>et</span> <span class='ocrx_word' id='word_1_52' title='bbox 246 863 499 923; x_wconf 88' lang='lat' dir='ltr'>alterum</span> <span class='ocrx_word' id='word_1_53' title='bbox 540 858 609 921; x_wconf 91' lang='lat' dir='ltr'>de</span> <span class='ocrx_word' id='word_1_54' title='bbox 649 859 1031 945; x_wconf 85' lang='lat' dir='ltr'>sufraganeis</span> <span class='ocrx_word' id='word_1_55' title='bbox 1063 861 1262 922; x_wconf 84' lang='lat' dir='ltr'>Coloc.</span> <span class='ocrx_word' id='word_1_56' title='bbox 1294 862 1592 938; x_wconf 85' lang='lat' dir='ltr'>Eclesiae,</span> <span class='ocrx_word' id='word_1_57' title='bbox 1636 863 2003 949; x_wconf 88' lang='lat' dir='ltr'>totidemque</span> <span class='ocrx_word' id='word_1_58' title='bbox 2033 876 2094 928; x_wconf 89' lang='lat' dir='ltr'>et</span> 
     </span>
     <span class='ocr_line' id='line_1_9' title="bbox 161 944 2094 1031; baseline 0.002 -25"><span class='ocrx_word' id='word_1_59' title='bbox 161 944 332 1031; x_wconf 88' lang='lat' dir='ltr'>quasi</span> <span class='ocrx_word' id='word_1_60' title='bbox 364 966 568 1007; x_wconf 88' lang='lat' dir='ltr'>omnes</span> <span class='ocrx_word' id='word_1_61' title='bbox 588 945 845 1007; x_wconf 84' lang='lat' dir='ltr'>Nobiles</span> <span class='ocrx_word' id='word_1_62' title='bbox 876 944 1071 1028; x_wconf 87' lang='lat' dir='ltr'>regni,</span> <span class='ocrx_word' id='word_1_63' title='bbox 1094 968 1243 1029; x_wconf 86' lang='lat' dir='ltr'>quos</span> <span class='ocrx_word' id='word_1_64' title='bbox 1270 967 1344 1006; x_wconf 87' lang='lat' dir='ltr'>ex</span> <span class='ocrx_word' id='word_1_65' title='bbox 1374 969 1531 1007; x_wconf 92' lang='lat' dir='ltr'>nunc</span> <span class='ocrx_word' id='word_1_66' title='bbox 1556 947 1866 1031; x_wconf 79' lang='lat' dir='ltr'>elegimUS,</span> <span class='ocrx_word' id='word_1_67' title='bbox 1888 970 2094 1010; x_wconf 90' lang='lat' dir='ltr'>secum</span> 
     </span>
     <span class='ocr_line' id='line_1_10' title="bbox 156 1028 2094 1114; baseline 0.002 -23"><span class='ocrx_word' id='word_1_68' title='bbox 156 1030 401 1106; x_wconf 91' lang='lat' dir='ltr'>habeat,</span> <span class='ocrx_word' id='word_1_69' title='bbox 441 1029 726 1113; x_wconf 82' lang='lat' dir='ltr'>congruis</span> <span class='ocrx_word' id='word_1_70' title='bbox 765 1028 1080 1114; x_wconf 84' lang='lat' dir='ltr'>stipendiis</span> <span class='ocrx_word' id='word_1_71' title='bbox 1124 1029 1195 1091; x_wconf 92' lang='lat' dir='ltr'>de</span> <span class='ocrx_word' id='word_1_72' title='bbox 1226 1028 1381 1092; x_wconf 93' lang='lat' dir='ltr'>bono</span> <span class='ocrx_word' id='word_1_73' title='bbox 1422 1033 1593 1114; x_wconf 86' lang='lat' dir='ltr'>regio</span> <span class='ocrx_word' id='word_1_74' title='bbox 1637 1043 1909 1094; x_wconf 88' lang='lat' dir='ltr'>sustent.</span> <span class='ocrx_word' id='word_1_75' title='bbox 1935 1080 1982 1093; x_wconf 90' lang='lat'>..</span> <span class='ocrx_word' id='word_1_76' title='bbox 2013 1035 2094 1095; x_wconf 80' lang='lat' dir='ltr'>Et</span> 
     </span>
     <span class='ocr_line' id='line_1_11' title="bbox 158 1113 2095 1202; baseline 0.001 -27"><span class='ocrx_word' id='word_1_77' title='bbox 158 1118 211 1176; x_wconf 89' lang='lat' dir='ltr'>si</span> <span class='ocrx_word' id='word_1_78' title='bbox 242 1113 395 1175; x_wconf 91' lang='lat' dir='ltr'>idem</span> <span class='ocrx_word' id='word_1_79' title='bbox 428 1113 722 1174; x_wconf 88' lang='lat' dir='ltr'>Dominus</span> <span class='ocrx_word' id='word_1_80' title='bbox 752 1116 885 1177; x_wconf 88' lang='lat' dir='ltr'>Rex</span> <span class='ocrx_word' id='word_1_81' title='bbox 914 1113 1028 1176; x_wconf 92' lang='lat' dir='ltr'>hoc</span> <span class='ocrx_word' id='word_1_82' title='bbox 1061 1113 1257 1176; x_wconf 84' lang='lat' dir='ltr'>facere</span> <span class='ocrx_word' id='word_1_83' title='bbox 1290 1114 1578 1190; x_wconf 86' lang='lat' dir='ltr'>omiserit,</span> <span class='ocrx_word' id='word_1_84' title='bbox 1613 1115 1894 1201; x_wconf 89' lang='lat' dir='ltr'>quidquid</span> <span class='ocrx_word' id='word_1_85' title='bbox 1923 1137 2095 1202; x_wconf 89' lang='lat' dir='ltr'>prae-</span> 
     </span>
     <span class='ocr_line' id='line_1_12' title="bbox 155 1197 2093 1284; baseline 0.001 -23"><span class='ocrx_word' id='word_1_86' title='bbox 155 1210 251 1261; x_wconf 89' lang='lat' dir='ltr'>ter</span> <span class='ocrx_word' id='word_1_87' title='bbox 281 1197 592 1261; x_wconf 89' lang='lat' dir='ltr'>consilium</span> <span class='ocrx_word' id='word_1_88' title='bbox 621 1197 1063 1284; x_wconf 91' lang='lat' dir='ltr'>praedictorum</span> <span class='ocrx_word' id='word_1_89' title='bbox 1104 1199 1218 1260; x_wconf 91' lang='lat' dir='ltr'>sibi</span> <span class='ocrx_word' id='word_1_90' title='bbox 1251 1198 1695 1284; x_wconf 87' lang='lat' dir='ltr'>aplicandorum</span> <span class='ocrx_word' id='word_1_91' title='bbox 1733 1199 1795 1260; x_wconf 93' lang='lat' dir='ltr'>in</span> <span class='ocrx_word' id='word_1_92' title='bbox 1827 1199 2093 1263; x_wconf 89' lang='lat' dir='ltr'>donatio-</span> 
     </span>
     <span class='ocr_line' id='line_1_13' title="bbox 155 1281 2095 1370; baseline 0.002 -26"><span class='ocrx_word' id='word_1_93' title='bbox 155 1282 332 1344; x_wconf 89' lang='lat' dir='ltr'>nibus</span> <span class='ocrx_word' id='word_1_94' title='bbox 364 1281 568 1345; x_wconf 85' lang='lat' dir='ltr'>arduis</span> <span class='ocrx_word' id='word_1_95' title='bbox 600 1295 660 1345; x_wconf 89' lang='lat' dir='ltr'>et</span> <span class='ocrx_word' id='word_1_96' title='bbox 690 1282 1086 1367; x_wconf 81' lang='lat' dir='ltr'>dignitatibus</span> <span class='ocrx_word' id='word_1_97' title='bbox 1122 1282 1496 1346; x_wconf 89' lang='lat' dir='ltr'>conferendis</span> <span class='ocrx_word' id='word_1_98' title='bbox 1528 1282 1620 1345; x_wconf 89' lang='lat' dir='ltr'>vel</span> <span class='ocrx_word' id='word_1_99' title='bbox 1655 1283 1715 1345; x_wconf 90' lang='lat' dir='ltr'>in</span> <span class='ocrx_word' id='word_1_100' title='bbox 1749 1284 1882 1347; x_wconf 90' lang='lat' dir='ltr'>aliis</span> <span class='ocrx_word' id='word_1_101' title='bbox 1911 1287 2095 1370; x_wconf 88' lang='lat' dir='ltr'>majo-</span> 
     </span>
     <span class='ocr_line' id='line_1_14' title="bbox 155 1366 1108 1444; baseline -0.001 -16"><span class='ocrx_word' id='word_1_102' title='bbox 155 1366 323 1428; x_wconf 87' lang='lat' dir='ltr'>ribus</span> <span class='ocrx_word' id='word_1_103' title='bbox 355 1366 580 1443; x_wconf 89' lang='lat' dir='ltr'>fecerit,</span> <span class='ocrx_word' id='word_1_104' title='bbox 612 1390 731 1430; x_wconf 90' lang='lat' dir='ltr'>non</span> <span class='ocrx_word' id='word_1_105' title='bbox 760 1373 1010 1430; x_wconf 79' lang='lat' dir='ltr'>teneat“</span> <span class='ocrx_word' id='word_1_106' title='bbox 1038 1372 1108 1444; x_wconf 86' lang='lat'>2).</span> 
     </span>
    </p>
   </div>
   <div class='ocr_carea' id='block_1_3' title="bbox 158 1604 2097 2009">
    <p class='ocr_par' dir='ltr' id='par_1_3' title="bbox 158 1604 2097 2009">
     <span class='ocr_line' id='line_1_15' title="bbox 333 1604 2094 1671; baseline 0.002 -17"><span class='ocrx_word' id='word_1_107' title='bbox 333 1609 382 1668; x_wconf 84' lang='grc'>2)</span> <span class='ocrx_word' id='word_1_108' title='bbox 415 1605 597 1655; x_wconf 84' lang='lat' dir='ltr'>Confer</span> <span class='ocrx_word' id='word_1_109' title='bbox 627 1620 740 1655; x_wconf 90' lang='lat' dir='ltr'>cum</span> <span class='ocrx_word' id='word_1_110' title='bbox 779 1604 858 1654; x_wconf 89' lang='lat' dir='ltr'>his</span> <span class='ocrx_word' id='word_1_111' title='bbox 896 1604 1064 1655; x_wconf 82' lang='lat' dir='ltr'>literas</span> <span class='ocrx_word' id='word_1_112' title='bbox 1095 1604 1428 1655; x_wconf 85' lang='lat' dir='ltr'>Praelatorum</span> <span class='ocrx_word' id='word_1_113' title='bbox 1469 1612 1518 1655; x_wconf 89' lang='lat' dir='ltr'>et</span> <span class='ocrx_word' id='word_1_114' title='bbox 1556 1605 1834 1666; x_wconf 84' lang='lat' dir='ltr'>Baronum,</span> <span class='ocrx_word' id='word_1_115' title='bbox 1883 1621 2094 1671; x_wconf 88' lang='lat' dir='ltr'>quorum</span> 
     </span>
     <span class='ocr_line' id='line_1_16' title="bbox 159 1688 2096 1755; baseline 0 -14"><span class='ocrx_word' id='word_1_116' title='bbox 159 1707 407 1741; x_wconf 86' lang='lat' dir='ltr'>consensu</span> <span class='ocrx_word' id='word_1_117' title='bbox 445 1689 664 1740; x_wconf 84' lang='lat' dir='ltr'>Andreas</span> <span class='ocrx_word' id='word_1_118' title='bbox 701 1688 787 1739; x_wconf 90' lang='lat'><em>111.</em></span> <span class='ocrx_word' id='word_1_119' title='bbox 831 1695 1013 1739; x_wconf 87' lang='lat' dir='ltr'>terram</span> <span class='ocrx_word' id='word_1_120' title='bbox 1052 1689 1341 1739; x_wconf 85' lang='lat' dir='ltr'>Rehtukeur</span> <span class='ocrx_word' id='word_1_121' title='bbox 1377 1690 1641 1755; x_wconf 81' lang='lat' dir='ltr'>nepotibus</span> <span class='ocrx_word' id='word_1_122' title='bbox 1681 1690 1738 1739; x_wconf 88' lang='lat' dir='ltr'>C.</span> <span class='ocrx_word' id='word_1_123' title='bbox 1780 1690 1997 1740; x_wconf 87' lang='lat' dir='ltr'>Simonis</span> <span class='ocrx_word' id='word_1_124' title='bbox 2036 1692 2096 1741; x_wconf 89' lang='lat' dir='ltr'>dc</span> 
     </span>
     <span class='ocr_line' id='line_1_17' title="bbox 158 1772 2091 1841; baseline -0.001 -16"><span class='ocrx_word' id='word_1_125' title='bbox 158 1775 395 1841; x_wconf 78' lang='lat' dir='ltr'>Aragonia</span> <span class='ocrx_word' id='word_1_126' title='bbox 426 1774 682 1838; x_wconf 83' lang='lat' dir='ltr'>relinquit,</span> <span class='ocrx_word' id='word_1_127' title='bbox 715 1773 861 1823; x_wconf 88' lang='lat' dir='ltr'>etiam</span> <span class='ocrx_word' id='word_1_128' title='bbox 892 1773 952 1823; x_wconf 87' lang='lat' dir='ltr'>ab</span> <span class='ocrx_word' id='word_1_129' title='bbox 983 1773 1228 1834; x_wconf 69' lang='lat' dir='ltr'>axiomata</span> <span class='ocrx_word' id='word_1_130' title='bbox 1254 1773 1381 1838; x_wconf 84' lang='lat' dir='ltr'>juris</span> <span class='ocrx_word' id='word_1_131' title='bbox 1419 1772 1468 1823; x_wconf 92' lang='lat' dir='ltr'>in</span> <span class='ocrx_word' id='word_1_132' title='bbox 1506 1774 1629 1824; x_wconf 89' lang='lat' dir='ltr'>haec</span> <span class='ocrx_word' id='word_1_133' title='bbox 1658 1774 1885 1839; x_wconf 83' lang='lat' dir='ltr'>professo</span> <span class='ocrx_word' id='word_1_134' title='bbox 1915 1773 2091 1824; x_wconf 86' lang='lat' dir='ltr'>verba:</span> 
     </span>
     <span class='ocr_line' id='line_1_18' title="bbox 161 1857 2097 1925; baseline -0.001 -16"><span class='ocrx_word' id='word_1_135' title='bbox 161 1859 348 1922; x_wconf 85' lang='lat' dir='ltr'>„Cum</span> <span class='ocrx_word' id='word_1_136' title='bbox 393 1858 833 1925; x_wconf 86' lang='lat' dir='ltr'>possessiones</span> <span class='ocrx_word' id='word_1_137' title='bbox 884 1857 953 1908; x_wconf 87' lang='lat' dir='ltr'>ab</span> <span class='ocrx_word' id='word_1_138' title='bbox 1009 1857 1258 1923; x_wconf 88' lang='lat' dir='ltr'>antiquo</span> <span class='ocrx_word' id='word_1_139' title='bbox 1313 1857 1584 1908; x_wconf 87' lang='lat' dir='ltr'>collatae</span> <span class='ocrx_word' id='word_1_140' title='bbox 1644 1874 1753 1924; x_wconf 89' lang='lat' dir='ltr'>pro</span> <span class='ocrx_word' id='word_1_141' title='bbox 1806 1859 2097 1909; x_wconf 85' lang='lat' dir='ltr'>haeredi-</span> 
     </span>
     <span class='ocr_line' id='line_1_19' title="bbox 159 1939 2092 2009; baseline -0.001 -15"><span class='ocrx_word' id='word_1_142' title='bbox 159 1944 334 1994; x_wconf 84' lang='lat' dir='ltr'>tariis</span> <span class='ocrx_word' id='word_1_143' title='bbox 379 1943 760 1995; x_wconf 84' lang='lat' dir='ltr'>habeantur“</span> <span class='ocrx_word' id='word_1_144' title='bbox 794 1942 986 2009; x_wconf 84' lang='lat' dir='ltr'>dignas,</span> <span class='ocrx_word' id='word_1_145' title='bbox 1019 1957 1144 2009; x_wconf 88' lang='lat' dir='ltr'>quas</span> <span class='ocrx_word' id='word_1_146' title='bbox 1175 1942 1257 1993; x_wconf 91' lang='lat' dir='ltr'>hic</span> <span class='ocrx_word' id='word_1_147' title='bbox 1288 1943 1519 1993; x_wconf 83' lang='lat' dir='ltr'>adnotem</span> <span class='ocrx_word' id='word_1_148' title='bbox 1546 1943 1602 1993; x_wconf 90' lang='lat' dir='ltr'>C.</span> <span class='ocrx_word' id='word_1_149' title='bbox 1624 1943 1684 1994; x_wconf 88' lang='lat' dir='ltr'>D.</span> <span class='ocrx_word' id='word_1_150' title='bbox 1704 1943 1782 1992; x_wconf 90' lang='lat' dir='ltr'>VI.</span> <span class='ocrx_word' id='word_1_151' title='bbox 1807 1940 1863 1993; x_wconf 79' lang='lat'>2.</span> <span class='ocrx_word' id='word_1_152' title='bbox 1884 1939 2092 2008; x_wconf 77' lang='lat' dir='ltr'><strong>p.228.</strong></span> 
     </span>
    </p>
   </div>
   <div class='ocr_carea' id='block_1_4' title="bbox 1035 2132 1260 2207">
    <p class='ocr_par' dir='ltr' id='par_1_4' title="bbox 1035 2132 1260 2207">
     <span class='ocr_line' id='line_1_20' title="bbox 1035 2132 1260 2207; baseline -0.013 -17"><span class='ocrx_word' id='word_1_153' title='bbox 1035 2132 1079 2207; x_wconf 66' lang='grc' dir='ltr'><strong>ς</strong></span> <span class='ocrx_word' id='word_1_154' title='bbox 1122 2134 1260 2190; x_wconf 56' lang='grc' dir='ltr'>21.ι</span> 
     </span>
    </p>
   </div>
   <div class='ocr_carea' id='block_1_5' title="bbox 716 2280 1529 2347">
    <p class='ocr_par' dir='ltr' id='par_1_5' title="bbox 716 2280 1529 2347">
     <span class='ocr_line' id='line_1_21' title="bbox 716 2280 1529 2347; baseline -0.002 -15"><span class='ocrx_word' id='word_1_155' title='bbox 716 2281 996 2333; x_wconf 85' lang='lat' dir='ltr'>Aemulos</span> <span class='ocrx_word' id='word_1_156' title='bbox 1040 2280 1253 2332; x_wconf 87' lang='lat' dir='ltr'>habuit</span> <span class='ocrx_word' id='word_1_157' title='bbox 1295 2281 1529 2347; x_wconf 81' lang='lat' dir='ltr'>plureS,</span> 
     </span>
    </p>
   </div>
   <div class='ocr_carea' id='block_1_6' title="bbox 160 2438 2100 3199">
    <p class='ocr_par' dir='ltr' id='par_1_6' title="bbox 160 2438 2100 3199">
     <span class='ocr_line' id='line_1_22' title="bbox 332 2438 2098 2524; baseline 0.001 -19"><span class='ocrx_word' id='word_1_158' title='bbox 332 2443 553 2505; x_wconf 89' lang='lat' dir='ltr'>Altera</span> <span class='ocrx_word' id='word_1_159' title='bbox 587 2453 787 2504; x_wconf 90' lang='lat' dir='ltr'>tamen</span> <span class='ocrx_word' id='word_1_160' title='bbox 825 2438 974 2503; x_wconf 91' lang='lat' dir='ltr'>haec</span> <span class='ocrx_word' id='word_1_161' title='bbox 1005 2441 1174 2524; x_wconf 87' lang='lat' dir='ltr'>cujus</span> <span class='ocrx_word' id='word_1_162' title='bbox 1212 2438 1393 2502; x_wconf 88' lang='lat' dir='ltr'>fuerit</span> <span class='ocrx_word' id='word_1_163' title='bbox 1435 2460 1666 2523; x_wconf 89' lang='lat' dir='ltr'>cunque</span> <span class='ocrx_word' id='word_1_164' title='bbox 1706 2440 1980 2520; x_wconf 82' lang='lat' dir='ltr'>solertia,</span> <span class='ocrx_word' id='word_1_165' title='bbox 2029 2456 2098 2507; x_wconf 89' lang='lat' dir='ltr'>ut</span> 
     </span>
     <span class='ocr_line' id='line_1_23' title="bbox 162 2521 2100 2619; baseline -0.001 -28"><span class='ocrx_word' id='word_1_166' title='bbox 162 2527 370 2591; x_wconf 86' lang='lat' dir='ltr'>literae</span> <span class='ocrx_word' id='word_1_167' title='bbox 391 2547 680 2612; x_wconf 86' lang='lat' dir='ltr'>quaeque,</span> <span class='ocrx_word' id='word_1_168' title='bbox 703 2524 881 2604; x_wconf 82' lang='lat' dir='ltr'>etiam</span> <span class='ocrx_word' id='word_1_169' title='bbox 911 2546 1095 2619; x_wconf 77' lang='lat' dir='ltr'>super</span> <span class='ocrx_word' id='word_1_170' title='bbox 1124 2521 1441 2586; x_wconf 80' lang='lat' dir='ltr'>donatione</span> <span class='ocrx_word' id='word_1_171' title='bbox 1471 2523 1662 2607; x_wconf 84' lang='lat' dir='ltr'>regia,</span> <span class='ocrx_word' id='word_1_172' title='bbox 1692 2524 1851 2588; x_wconf 91' lang='lat' dir='ltr'>intra</span> <span class='ocrx_word' id='word_1_173' title='bbox 1881 2550 2100 2600; x_wconf 87' lang='lat' dir='ltr'>annum</span> 
     </span>
     <span class='ocr_line' id='line_1_24' title="bbox 164 2604 2099 2693; baseline 0 -18"><span class='ocrx_word' id='word_1_174' title='bbox 164 2636 199 2675; x_wconf 90' lang='lat' dir='ltr'>a</span> <span class='ocrx_word' id='word_1_175' title='bbox 237 2610 620 2675; x_wconf 87' lang='lat' dir='ltr'>coronatione</span> <span class='ocrx_word' id='word_1_176' title='bbox 665 2608 1074 2693; x_wconf 88' lang='lat' dir='ltr'>subsimphci</span> <span class='ocrx_word' id='word_1_177' title='bbox 1113 2607 1304 2669; x_wconf 90' lang='lat' dir='ltr'>solum</span> <span class='ocrx_word' id='word_1_178' title='bbox 1342 2606 1393 2668; x_wconf 90' lang='lat' dir='ltr'>si</span> <span class='ocrx_word' id='word_1_179' title='bbox 1443 2607 1542 2668; x_wconf 89' lang='lat' dir='ltr'>illo</span> <span class='ocrx_word' id='word_1_180' title='bbox 1581 2604 1857 2686; x_wconf 80' lang='lat' dir='ltr'>edantur,</span> <span class='ocrx_word' id='word_1_181' title='bbox 1898 2634 1967 2674; x_wconf 91' lang='lat' dir='ltr'>eo</span> <span class='ocrx_word' id='word_1_182' title='bbox 1999 2611 2099 2691; x_wconf 48' lang='lat' dir='ltr'>def</span> 
     </span>
     <span class='ocr_line' id='line_1_25' title="bbox 160 2631 2099 2779; baseline -0.001 -21"><span class='ocrx_word' id='word_1_183' title='bbox 160 2719 319 2763; x_wconf 89' lang='lat' dir='ltr'>mum</span> <span class='ocrx_word' id='word_1_184' title='bbox 350 2695 587 2758; x_wconf 90' lang='lat' dir='ltr'>evoluto</span> <span class='ocrx_word' id='word_1_185' title='bbox 623 2694 686 2755; x_wconf 91' lang='lat' dir='ltr'>in</span> <span class='ocrx_word' id='word_1_186' title='bbox 714 2691 1015 2779; x_wconf 81' lang='lat' dir='ltr'>privilegii</span> <span class='ocrx_word' id='word_1_187' title='bbox 1042 2692 1292 2754; x_wconf 87' lang='lat' dir='ltr'>formam</span> <span class='ocrx_word' id='word_1_188' title='bbox 1327 2631 1719 2776; x_wconf 55' lang='lat' dir='ltr'>redigendae,</span> <span class='ocrx_word' id='word_1_189' title='bbox 1738 2699 1787 2772; x_wconf 82' lang='lat'>1)</span> <span class='ocrx_word' id='word_1_190' title='bbox 1811 2706 2099 2779; x_wconf 90' lang='lat' dir='ltr'>quantum</span> 
     </span>
     <span class='ocr_line' id='line_1_26' title="bbox 162 2774 2098 2866; baseline -0.002 -21"><span class='ocrx_word' id='word_1_191' title='bbox 162 2779 409 2866; x_wconf 86' lang='lat' dir='ltr'>ingenii,</span> <span class='ocrx_word' id='word_1_192' title='bbox 439 2791 671 2841; x_wconf 89' lang='lat' dir='ltr'>tantum</span> <span class='ocrx_word' id='word_1_193' title='bbox 701 2777 1047 2863; x_wconf 89' lang='lat' dir='ltr'>praeclarae</span> <span class='ocrx_word' id='word_1_194' title='bbox 1082 2777 1144 2838; x_wconf 90' lang='lat' dir='ltr'>in</span> <span class='ocrx_word' id='word_1_195' title='bbox 1173 2779 1404 2860; x_wconf 82' lang='lat' dir='ltr'>Regem</span> <span class='ocrx_word' id='word_1_196' title='bbox 1441 2774 1600 2837; x_wconf 87' lang='lat' dir='ltr'>hunc</span> <span class='ocrx_word' id='word_1_197' title='bbox 1628 2777 1956 2841; x_wconf 89' lang='lat' dir='ltr'>voluntatis</span> <span class='ocrx_word' id='word_1_198' title='bbox 1994 2780 2098 2842; x_wconf 92' lang='lat' dir='ltr'>ha-</span> 
     </span>
     <span class='ocr_line' id='line_1_27' title="bbox 165 2859 2098 2948; baseline -0.001 -21"><span class='ocrx_word' id='word_1_199' title='bbox 165 2865 283 2927; x_wconf 88' lang='lat' dir='ltr'>bet.</span> <span class='ocrx_word' id='word_1_200' title='bbox 328 2867 620 2926; x_wconf 84' lang='lat' dir='ltr'>Patentes</span> <span class='ocrx_word' id='word_1_201' title='bbox 651 2861 808 2923; x_wconf 89' lang='lat' dir='ltr'>enim</span> <span class='ocrx_word' id='word_1_202' title='bbox 836 2859 1113 2924; x_wconf 88' lang='lat' dir='ltr'>fiduciam</span> <span class='ocrx_word' id='word_1_203' title='bbox 1141 2871 1400 2937; x_wconf 85' lang='lat' dir='ltr'>tantum,</span> <span class='ocrx_word' id='word_1_204' title='bbox 1444 2860 1680 2944; x_wconf 84' lang='lat' dir='ltr'>plenam</span> <span class='ocrx_word' id='word_1_205' title='bbox 1730 2863 1907 2925; x_wconf 92' lang='lat' dir='ltr'>solidi</span> <span class='ocrx_word' id='word_1_206' title='bbox 1937 2863 2098 2948; x_wconf 88' lang='lat' dir='ltr'>juris</span> 
     </span>
     <span class='ocr_line' id='line_1_28' title="bbox 165 2945 2098 3032; baseline 0.001 -22"><span class='ocrx_word' id='word_1_207' title='bbox 165 2948 551 3011; x_wconf 86' lang='lat' dir='ltr'>securitatem</span> <span class='ocrx_word' id='word_1_208' title='bbox 586 2945 995 3032; x_wconf 87' lang='lat' dir='ltr'>privilegiales</span> <span class='ocrx_word' id='word_1_209' title='bbox 1033 2945 1245 3008; x_wconf 89' lang='lat' dir='ltr'>literae</span> <span class='ocrx_word' id='word_1_210' title='bbox 1284 2956 1594 3030; x_wconf 90' lang='lat' dir='ltr'>praestant</span> <span class='ocrx_word' id='word_1_211' title='bbox 1609 2953 1678 3022; x_wconf 86' lang='lat'>2).</span> <span class='ocrx_word' id='word_1_212' title='bbox 1728 2949 1993 3023; x_wconf 82' lang='lat' dir='ltr'>Quarum</span> <span class='ocrx_word' id='word_1_213' title='bbox 2025 2972 2098 3010; x_wconf 85' lang='lat' dir='ltr'>ex</span> 
     </span>
     <span class='ocr_line' id='line_1_29' title="bbox 166 3028 2097 3116; baseline -0.001 -22"><span class='ocrx_word' id='word_1_214' title='bbox 166 3031 300 3094; x_wconf 86' lang='lat' dir='ltr'>dole</span> <span class='ocrx_word' id='word_1_215' title='bbox 327 3031 516 3116; x_wconf 88' lang='lat' dir='ltr'>petita</span> <span class='ocrx_word' id='word_1_216' title='bbox 546 3031 741 3106; x_wconf 87' lang='lat' dir='ltr'>cautio</span> <span class='ocrx_word' id='word_1_217' title='bbox 760 3029 936 3107; x_wconf 87' lang='lat' dir='ltr'>haec,</span> <span class='ocrx_word' id='word_1_218' title='bbox 968 3029 1106 3113; x_wconf 90' lang='lat' dir='ltr'>quia</span> <span class='ocrx_word' id='word_1_219' title='bbox 1133 3029 1195 3090; x_wconf 92' lang='lat' dir='ltr'>in</span> <span class='ocrx_word' id='word_1_220' title='bbox 1227 3028 1452 3091; x_wconf 88' lang='lat' dir='ltr'>arctius</span> <span class='ocrx_word' id='word_1_221' title='bbox 1483 3028 1927 3094; x_wconf 87' lang='lat' dir='ltr'>devinciendam</span> <span class='ocrx_word' id='word_1_222' title='bbox 1959 3054 2097 3094; x_wconf 91' lang='lat' dir='ltr'>con-</span> 
     </span>
     <span class='ocr_line' id='line_1_30' title="bbox 166 3112 1847 3199; baseline -0.002 -21"><span class='ocrx_word' id='word_1_223' title='bbox 166 3129 262 3178; x_wconf 89' lang='lat' dir='ltr'>tra</span> <span class='ocrx_word' id='word_1_224' title='bbox 292 3115 557 3183; x_wconf 87' lang='lat' dir='ltr'>aemulos</span> <span class='ocrx_word' id='word_1_225' title='bbox 586 3114 761 3176; x_wconf 86' lang='lat' dir='ltr'>fidem</span> <span class='ocrx_word' id='word_1_226' title='bbox 792 3114 1123 3199; x_wconf 83' lang='lat' dir='ltr'>spectabat,</span> <span class='ocrx_word' id='word_1_227' title='bbox 1156 3136 1231 3176; x_wconf 89' lang='lat' dir='ltr'>ex</span> <span class='ocrx_word' id='word_1_228' title='bbox 1259 3136 1374 3175; x_wconf 89' lang='lat' dir='ltr'>usu</span> <span class='ocrx_word' id='word_1_229' title='bbox 1404 3112 1690 3179; x_wconf 87' lang='lat' dir='ltr'>Andreae</span> <span class='ocrx_word' id='word_1_230' title='bbox 1719 3114 1847 3177; x_wconf 86' lang='lat' dir='ltr'>fuit.</span> 
     </span>
    </p>
   </div>
   <div class='ocr_carea' id='block_1_7' title="bbox 346 3304 2099 3463">
    <p class='ocr_par' dir='ltr' id='par_1_7' title="bbox 346 3304 2099 3463">
     <span class='ocr_line' id='line_1_31' title="bbox 349 3304 1332 3373; baseline -0.002 -13"><span class='ocrx_word' id='word_1_231' title='bbox 349 3315 393 3373; x_wconf 92' lang='lat'>1)</span> <span class='ocrx_word' id='word_1_232' title='bbox 423 3311 540 3361; x_wconf 84' lang='lat' dir='ltr'>Vide</span> <span class='ocrx_word' id='word_1_233' title='bbox 571 3304 736 3360; x_wconf 76' lang='lat' dir='ltr'>literas</span> <span class='ocrx_word' id='word_1_234' title='bbox 768 3310 824 3359; x_wconf 88' lang='lat' dir='ltr'>C.</span> <span class='ocrx_word' id='word_1_235' title='bbox 854 3309 918 3359; x_wconf 90' lang='lat' dir='ltr'>D.</span> <span class='ocrx_word' id='word_1_236' title='bbox 950 3309 1028 3359; x_wconf 91' lang='lat' dir='ltr'>VI.</span> <span class='ocrx_word' id='word_1_237' title='bbox 1067 3308 1121 3358; x_wconf 88' lang='lat'>1.</span> <span class='ocrx_word' id='word_1_238' title='bbox 1154 3325 1204 3373; x_wconf 91' lang='lat' dir='ltr'>p.</span> <span class='ocrx_word' id='word_1_239' title='bbox 1236 3306 1332 3358; x_wconf 81' lang='lat'>57.</span> 
     </span>
     <span class='ocr_line' id='line_1_32' title="bbox 346 3386 2099 3463; baseline -0.001 -18"><span class='ocrx_word' id='word_1_240' title='bbox 346 3395 397 3463; x_wconf 84' lang='lat'>2]</span> <span class='ocrx_word' id='word_1_241' title='bbox 428 3396 486 3445; x_wconf 89' lang='lat' dir='ltr'>In</span> <span class='ocrx_word' id='word_1_242' title='bbox 515 3395 641 3444; x_wconf 80' lang='lat' dir='ltr'>Priv,</span> <span class='ocrx_word' id='word_1_243' title='bbox 674 3410 719 3444; x_wconf 90' lang='lat' dir='ltr'>a.</span> <span class='ocrx_word' id='word_1_244' title='bbox 747 3386 928 3443; x_wconf 63' lang='lat'><strong>1294.</strong></span> <span class='ocrx_word' id='word_1_245' title='bbox 961 3392 1218 3442; x_wconf 87' lang='lat' dir='ltr'>Leonardo</span> <span class='ocrx_word' id='word_1_246' title='bbox 1249 3391 1426 3456; x_wconf 85' lang='lat' dir='ltr'>aucupi</span> <span class='ocrx_word' id='word_1_247' title='bbox 1458 3391 1517 3441; x_wconf 86' lang='grc'>(16</span> <span class='ocrx_word' id='word_1_248' title='bbox 1550 3392 1734 3456; x_wconf 87' lang='lat' dir='ltr'>Scepcs</span> <span class='ocrx_word' id='word_1_249' title='bbox 1766 3394 1898 3453; x_wconf 82' lang='lat' dir='ltr'>dato,</span> <span class='ocrx_word' id='word_1_250' title='bbox 1931 3393 2099 3444; x_wconf 87' lang='lat' dir='ltr'>literas</span> 
     </span>
    </p>
   </div>
   <div class='ocr_carea' id='block_1_8' title="bbox 171 3476 2099 3609">
    <p class='ocr_par' dir='ltr' id='par_1_8' title="bbox 171 3476 2099 3609">
     <span class='ocr_line' id='line_1_33' title="bbox 171 3476 2099 3591; baseline -0.002 -60"><span class='ocrx_word' id='word_1_251' title='bbox 171 3481 315 3531; x_wconf 87' lang='lat' dir='ltr'>Belae</span> <span class='ocrx_word' id='word_1_252' title='bbox 344 3481 422 3530; x_wconf 93' lang='lat' dir='ltr'>IV.</span> <span class='ocrx_word' id='word_1_253' title='bbox 457 3485 506 3529; x_wconf 88' lang='lat' dir='ltr'>et</span> <span class='ocrx_word' id='word_1_254' title='bbox 535 3478 717 3528; x_wconf 85' lang='lat' dir='ltr'>Detrici</span> <span class='ocrx_word' id='word_1_255' title='bbox 749 3477 805 3528; x_wconf 89' lang='lat' dir='ltr'>C.</span> <span class='ocrx_word' id='word_1_256' title='bbox 840 3477 900 3527; x_wconf 88' lang='lat' dir='ltr'>de</span> <span class='ocrx_word' id='word_1_257' title='bbox 931 3476 1102 3527; x_wconf 91' lang='lat' dir='ltr'>Zolum</span> <span class='ocrx_word' id='word_1_258' title='bbox 1135 3476 1314 3526; x_wconf 88' lang='lat' dir='ltr'>diserte</span> <span class='ocrx_word' id='word_1_259' title='bbox 1345 3482 1627 3540; x_wconf 84' lang='lat' dir='ltr'>patentes</span> <span class='ocrx_word' id='word_1_260' title='bbox 1638 3483 1817 3591; x_wconf 48' lang='lat' dir='ltr'>gocat.</span> <span class='ocrx_word' id='word_1_261' title='bbox 1866 3477 2004 3542; x_wconf 86' lang='lat' dir='ltr'>Supl.</span> <span class='ocrx_word' id='word_1_262' title='bbox 2039 3479 2099 3528; x_wconf 87' lang='lat' dir='ltr'>ad</span> 
     </span>
     <span class='ocr_line' id='line_1_34' title="bbox 1551 3556 1624 3609; baseline 0.014 -1"><span class='ocrx_word' id='word_1_263' title='bbox 1551 3557 1573 3608; x_wconf 85' lang='lat'>1</span> <span class='ocrx_word' id='word_1_264' title='bbox 1592 3556 1624 3609; x_wconf 90' lang='lat'><strong>3</strong></span> 
     </span>
    </p>
   </div>
  </div>
 </body>
</html>
