2358 3874
303 264 387 320 96

303 399 665 462 dubietatem
700 399 960 485 positum
1006 420 1192 483 aeque
1236 396 1462 483 pridem
1502 399 1814 484 occupavi:
1849 421 2097 461 curasse
2127 402 2240 462 Re-

304 508 445 569 gem
470 483 647 558 hunc,
674 507 747 545 ne
773 506 991 544 causae
1022 504 1221 543 coram
1250 503 1317 543 se
1348 481 1625 543 definitae
1648 482 2067 556 obliterentur;
2103 505 2240 545 con-

303 569 579 631 stituisse
615 568 822 653 igitur,
860 579 926 629 ut
965 566 1276 649 negotium
1317 563 1621 651 quodlibet
1656 566 1714 627 in
1745 567 2035 630 auditorio
2070 567 2240 651 regio

303 653 644 716 discussum
688 650 897 736 scripti
944 651 1330 713 confirmetur
1380 650 1726 713 testimonio
1755 659 1824 729 5).
1869 655 1941 714 ln
1983 650 2242 714 solenni-

302 738 417 800 bus
458 737 649 799 literis
692 734 1075 821 expediendis
1109 736 1328 820 Sigillo
1369 757 1582 797 aureo
1612 736 1915 815 (Bullam
1954 756 2241 797 auream

303 821 578 899 dicimus)
614 823 738 904 jam
786 823 999 903 Geyza
1047 823 1124 897 112.
1177 843 1326 880 usus
1372 831 1483 882 est.
1546 819 1828 904 Sigillum
1877 819 2255 902 mediocre,

300 927 409 991 per
448 905 738 966 Comitem
777 904 1092 988 Capellae3
1148 904 1504 965 annulare
1545 927 1654 989 per
1693 903 2015 990 specialem
2046 907 2243 966 Nota-

300 989 472 1064 rium,
511 999 930 1051 conservatum
952 1011 986 1049 a
1007 988 1377 1074 temporibus
1411 989 1594 1050 Belae
1624 992 1731 1049 lll.
1771 988 1961 1051 fuisse
2012 988 2102 1051 uti
2138 1010 2242 1049 no-

301 1087 425 1136 tum
447 1080 498 1151 6)
543 1076 629 1135 ita
693 1071 765 1134 de
815 1071 981 1134 initio
1042 1068 1491 1134 consuetudinis
1550 1071 1726 1157 hujus
1782 1072 2041 1135 nondum
2091 1071 2243 1134 satis

303 1170 667 1243 compertum
710 1168 819 1218 est.
867 1158 1121 1218 Crucem
1159 1156 1513 1241 duplicatam
1545 1158 1670 1240 jam
1707 1157 1980 1219 Ladislai
2003 1159 2080 1217 11.
2116 1179 2244 1218 mo-

301 1254 494 1316 netae,
551 1241 809 1323 itemque
850 1241 1033 1302 Belae
1064 1244 1203 1313 111.;
1250 1240 1470 1325 Sigilla
1510 1252 1709 1303 tamen
1747 1240 1926 1326 hujus
1961 1241 2244 1303 filiorum-

302 1349 414 1411 que
449 1348 556 1411 pro
595 1323 817 1409 insigni
844 1325 1200 1409 Hungariae
1234 1325 1483 1400 leonem,
1511 1347 1580 1386 ac
1605 1325 1889 1388 Andreae
1908 1329 1985 1387 11.
2009 1324 2245 1411 quidem

304 1411 507 1496 plures
555 1432 802 1471 numero
837 1408 896 1469 in
936 1431 1168 1496 campo,
1218 1432 1367 1493 quae
1410 1432 1527 1470 non
1561 1432 1711 1470 vana
1750 1413 2091 1495 conjectura
2131 1421 2245 1484 est,

300 1507 589 1579 argentes
625 1491 910 1556 exhibent
935 1501 1002 1572 ⁷).

479 1755 525 1812 5)
559 1752 730 1816 Spiesz
761 1754 1094 1803 Archiwische
1125 1754 1515 1805 Nehenarbeiten
1548 1755 1586 1803 1.
1610 1771 1660 1819 p.
1691 1751 1827 1803 176.
1862 1753 1950 1803 His
1974 1753 2094 1804 aliae
2114 1769 2244 1820 quo-

298 1851 392 1901 que
423 1837 569 1901 Regis
601 1836 747 1900 hujus
779 1837 838 1885 dc
870 1853 914 1886 a.
955 1835 1110 1887 1191
1149 1847 1430 1890 consonant
1466 1839 1747 1903 „quoniam
1782 1838 2049 1903 scrupulus
2081 1854 2239 1903 quae—

297 1921 472 1970 stionis
503 1936 613 1970 raro
646 1928 729 1970 aut
759 1937 1012 1986 nunquam
1043 1924 1286 1986 provenit,
1321 1940 1436 1975 cum
1465 1923 1635 1973 titulus
1664 1924 2002 1988 possessionis
2026 1924 2240 1973 authen-

296 2005 378 2054 tici
413 2005 582 2069 scripti
614 2004 855 2054 beneficio
887 2006 1189 2070 posteritatis
1222 2024 1418 2072 quoque
1451 2007 1718 2058 memoriae
1751 2008 2139 2062 comendatur“.¹

476 2149 522 2207 6)
553 2147 626 2195 Ex
656 2147 809 2196 literis
842 2148 1040 2212 Sigism.
1076 2149 1134 2197 R.
1170 2149 1229 2197 de
1261 2164 1305 2197 a.
1347 2143 1506 2198 1436
1546 2148 1831 2213 (Szvorenyi
1863 2164 1911 2197 o.
1946 2163 1991 2197 c.
2024 2148 2059 2197 f.
2100 2145 2152 2198 1.
2185 2164 2236 2213 p.

299 2229 403 2291 27)
431 2238 855 2295 „praesentarunt
884 2232 1029 2281 nobis
1059 2234 1294 2297 quasdam
1326 2234 1493 2283 literas
1517 2241 1714 2283 nostras
1746 2231 2038 2282 mediocri
2071 2232 2239 2298 Sigillo

296 2322 495 2375 nostro,
540 2316 670 2380 quod
703 2316 821 2365 alias
852 2317 982 2380 apud
1015 2317 1258 2366 Comitem
1293 2318 1600 2381 Capellarum
1643 2324 1923 2370 nostrarum
1957 2317 2236 2388 Budensem

295 2414 386 2463 pro
419 2406 642 2463 tempore
674 2401 964 2450 existentem
997 2401 1269 2451 habebatur
1299 2409 1349 2451 et
1375 2402 1666 2467 inpendenti
1695 2401 2049 2465 consignatas“
2082 2409 2240 2466 appa-

296 2490 373 2531 ret
405 2483 624 2546 Sigillum
666 2484 853 2548 Regum
899 2485 1204 2534 mediocre
1243 2486 1373 2550 apud
1422 2486 1665 2537 Comitem
1704 2485 1930 2550 Capellae
1970 2485 2236 2535 exstitisse.

296 2567 527 2617 Diversus
559 2569 617 2617 ab
649 2568 746 2621 hoc
777 2570 866 2618 fuit
884 2569 1242 2632 Apocrisiarius
1275 2586 1363 2619 seu
1397 2572 1625 2635 specialis
1645 2569 1876 2620 Notarius
1907 2570 1968 2619 ad
1999 2569 2236 2619 annulum

295 2650 520 2716 Regium,
555 2651 710 2716 qualis
743 2653 959 2702 Thomas
992 2661 1095 2703 erat
1113 2653 1334 2703 Pontifex
1365 2655 1631 2717 VaciensiS,
1666 2654 1951 2706 testimonio
1982 2655 2235 2704 literarum

295 2734 479 2784 Elisab.
514 2736 633 2800 Reg.
678 2737 737 2785 de
780 2753 824 2787 a.
866 2732 1027 2787 128AE
1078 2739 1178 2798 „in
1217 2738 1325 2788 aula
1364 2740 1496 2804 regia
1533 2741 1678 2790 Belae
1709 2738 1786 2788 lV.
1826 2738 2139 2802 Apocrisiarii
2187 2745 2237 2787 et

297 2820 523 2882 specialis
552 2819 762 2881 Notarii‚
808 2822 891 2885 qui
922 2818 1102 2872 meruit
1140 2823 1353 2872 officium
1397 2840 1626 2874 exercere
1668 2822 1833 2886 Sigillo
1872 2828 1921 2871 et
1959 2821 2234 2872 ministerio

296 2903 643 2953 annulari“.
692 2904 762 2953 De
794 2921 891 2969 quo
925 2921 1015 2955 suo
1047 2906 1177 2956 loco.

473 3030 519 3089 ⁷)
552 3029 621 3078 De
660 3030 764 3090 his,
808 3038 1049 3097 scutoque
1081 3032 1219 3096 regni
1253 3033 1360 3082 vide
1392 3031 1607 3080 eruditas
1638 3031 2036 3083 Luczenbacheri
2075 3035 2231 3084 nostri

295 3112 356 3161 ad
387 3112 583 3178 Magyar
612 3129 739 3164 orsz.
775 3130 819 3164 e,
854 3116 887 3164 i.
921 3115 1093 3180 penzei
1125 3132 1175 3180 p.
1202 3112 1277 3166 83
1313 3124 1362 3166 et
1386 3111 1501 3166 103
1536 3123 1697 3174 notaS‚
1732 3117 1910 3181 quibus
1941 3119 2090 3168 adde:
2125 3119 2232 3168 leo-

295 3211 406 3251 nem
438 3197 487 3247 in
520 3197 686 3261 Sigillo
719 3214 915 3267 quoque
948 3200 1124 3265 Mariae
1156 3201 1194 3249 1.
1230 3201 1397 3251 videri.
