2358 3874
1986 216 2104 272 151

1027 392 1080 466 ,ς
1130 394 1224 450 14.

169 548 401 597 Arcium
461 560 564 609 per
616 544 886 608 privatos
943 542 1373 606 erigendarum
1420 547 1667 600 auctor,
1726 540 1819 588 his
1875 544 2104 603 partem

398 637 696 680 terrarum
745 626 1155 678 castrensium
1201 626 1259 674 in
1303 624 1550 690 praedia
1595 623 1882 674 contulit.

340 791 511 850 Inter
540 809 633 849 me
662 785 864 871 itaque
894 796 955 847 et
984 782 1343 868 scriptores,
1385 782 1485 868 qui
1514 780 1835 867 Hungaria
1877 781 2105 842 instau-

167 885 300 935 rata
341 871 677 933 institutum
722 891 956 954 quoque
999 878 1333 929 castrorum
1377 865 1853 951 redintegratum
1901 864 2106 928 existi-

168 969 362 1031 mant,
393 955 549 1017 haud
580 954 907 1027 modicum,
951 963 1182 1014 tantum
1225 950 1379 1014 enim
1418 975 1593 1026 vero,
1627 963 1911 1035 quantum
1948 951 2107 1012 inter

171 1040 443 1104 diversas
475 1039 527 1102 d.
555 1037 843 1124 Stephani
874 1037 1173 1120 Belaeque
1213 1034 1446 1098 consilii
1482 1035 1749 1097 rationes
1788 1034 2105 1118 discrepat.

167 1128 388 1187 Partes
440 1122 616 1208 regni
649 1124 807 1185 ultra
829 1120 1172 1183 Danubium
1205 1120 1380 1197 sitaS,
1418 1141 1494 1181 ne
1529 1118 1677 1185 adiri
1705 1141 1813 1204 per
1841 1121 2106 1181 'Pataros

168 1221 437 1295 possent,
489 1206 707 1270 fluvius
758 1205 857 1268 hic
905 1204 1244 1280 tuebatur,'
1277 1203 1501 1267 idcirco
1554 1202 1986 1267 fortalitium
2047 1214 2110 1264 et

172 1316 351 1379 aqua
415 1290 1018 1356 contradictionis
1066 1289 1251 1352 Belae
1303 1289 1597 1375 apellatus
1643 1295 1707 1367 Ι).
1772 1287 1875 1350 Ad
1930 1285 2107 1373 hujus

171 1378 370 1463 itaque
416 1400 554 1440 oras
598 1374 849 1462 amplius
885 1373 1266 1450 muniendam,
1319 1386 1379 1437 et
1418 1373 1703 1458 reliquias
1742 1372 1944 1458 populi
1987 1395 2108 1434 ma-

170 1462 385 1527 ximam
440 1473 670 1548 partem
717 1483 826 1546 per
870 1462 1133 1525 Tataros
1183 1457 1514 1533 interemti,
1569 1457 1681 1520 hoc
1736 1457 1956 1520 tutelae
2002 1479 2107 1540 ge-

176 1570 318 1610 nere
355 1544 790 1632 protegendaS,
832 1545 962 1606 loca
1000 1542 1288 1628 quaedam
1322 1542 1751 1606 munitionibus
1792 1553 1963 1627 apta,
2015 1563 2110 1604 co-

170 1630 331 1697 muni
371 1635 668 1692 Baronum
725 1651 970 1691 suorum
1020 1626 1300 1703 consilio,
1353 1626 1462 1702 iis,
1509 1626 1607 1712 qui
1654 1638 1714 1689 et
1762 1638 2011 1689 nossent
2052 1636 2113 1686 et

172 1727 423 1802 possent
456 1714 517 1776 in
554 1714 650 1776 his
691 1712 957 1777 aedificia
996 1734 1238 1798 ponere,
1272 1711 1631 1776 auctoritate
1672 1710 1846 1796 regia
1869 1718 1921 1790 2)
1972 1732 2111 1772 con-

171 1800 334 1876 tulit,
383 1812 443 1863 et
489 1812 554 1862 ut
592 1798 704 1862 hos
744 1796 1139 1862 conservandi
1178 1795 1364 1859 castri
1405 1795 1704 1859 sumtibus
1759 1818 1938 1882 pares
1978 1793 2111 1857 red-

173 1884 361 1960 deret,
392 1897 590 1947 terras
623 1907 856 1969 quoque
893 1894 1228 1944 castrorum
1264 1905 1329 1944 re
1381 1881 1571 1944 iorum
1607 1879 1809 1944 ditioni
1843 1891 2112 1943 exemtas

171 1969 291 2031 illis
340 1969 403 2029 in
445 1981 796 2055 perpetuum
842 1966 1067 2030 addixit
1103 1973 1172 2045 3).
1220 1905 1428 2029 Vefim
1476 1989 1602 2028 rem
1652 1966 1875 2029 dicam:
1937 1987 2111 2049 quam

171 2054 250 2115 fla
333 2066 504 2116 anter
564 2054 624 2114 in
668 2050 1104 2114 revindicandis
1149 2063 1483 2114 castrorum
1526 2051 1707 2112 terris
1758 2049 2110 2112 adolescens

175 2076 521 2213 elaffibravit,
552 2150 674 2200 tam
709 2136 1039 2199 liberaliter
1078 2135 1360 2222 deinceps
1394 2148 1455 2198 et
1494 2134 1633 2211 haS,
1679 2147 1739 2197 et
1778 2157 1926 2219 quas
1964 2134 2113 2195 inte-

174 2246 319 2308 gras
372 2223 627 2309 reperit,
667 2224 1021 2285 Castrorum
1060 2220 1432 2306 publicorum
1472 2243 1619 2305 opes
1660 2219 1718 2281 in
1755 2219 1952 2281 dotem
1995 2218 2113 2303 pri-

175 2319 445 2370 vatorum
483 2307 880 2370 Castellorum
911 2313 998 2385 ⁴),
1042 2304 1636 2390 multiplicandosque
1675 2303 1941 2367 Comites
1969 2304 2113 2367 libe-

358 2564 401 2622 1)
431 2562 488 2611 In
517 2562 672 2612 literis
709 2562 768 2612 ad
800 2562 892 2611 PP.
934 2563 994 2612 de
1034 2579 1078 2612 a.
1118 2557 1280 2613 1254
1313 2563 1414 2625 (VI.
1447 2579 1498 2628 p.
1535 2559 1683 2623 218)
1724 2562 1953 2626 congruit
1991 2563 2113 2612 haec

179 2645 285 2711 ejus
319 2647 560 2696 sententia
591 2662 706 2696 cum
738 2646 1081 2711 inscriptione,
1115 2662 1261 2712 quam
1292 2653 1520 2697 monetae
1551 2647 1687 2711 Imp.
1713 2647 1857 2696 Rom.
1885 2646 1957 2709 (v.
1979 2646 2116 2695 Ban-

177 2730 286 2781 duri
317 2730 379 2780 11.
414 2747 465 2795 p.
501 2725 649 2792 248)
680 2731 840 2781 verbis
874 2731 1047 2791 „salus
1086 2730 1385 2796 reipublicae
1416 2730 1718 2780 Danubius“
1752 2731 2112 2795 praeseferunt.

356 2818 402 2876 2)
434 2815 528 2865 Per
556 2815 797 2880 privatoS‚
833 2814 927 2865 nisi
958 2815 1090 2879 Rege
1121 2822 1390 2874 annuente,
1423 2814 1606 2865 exstrui
1638 2822 1798 2864 castra
1828 2814 2115 2879 nequibant,

179 2898 326 2948 etiam
357 2915 414 2948 ex
445 2906 536 2949 art.
577 2897 670 2949 10.
712 2896 891 2949 1298.
1026 2960 1029 2963 q

357 2985 404 3042 3)
437 2983 734 3034 Comitatum
764 2984 1013 3033 Lucsman
1052 2999 1143 3048 per
1175 2983 1484 3049 Stephanum
1523 2983 1607 3032 111.
1647 2999 1692 3032 a.
1741 2980 1895 3032 1171
1934 2982 2119 3032 abalie-

180 3074 349 3116 natum
381 3067 670 3133 adolescens
703 3068 1026 3132 recuperavit,
1060 3083 1149 3116 seu
1181 3074 1235 3117 ut
1264 3067 1372 3132 ipse
1403 3066 1638 3133 loquitur,
1673 3068 1733 3117 de
1766 3083 1893 3116 novo
1926 3067 2118 3115 consti-

182 3150 292 3210 tuit,
326 3156 441 3214 post
472 3150 529 3199 C.
551 3150 609 3199 D.
643 3151 720 3200 IV.
757 3147 812 3201 3.
839 3167 890 3216 p.
922 3146 1040 3201 148
1072 3151 1121 3200 in
1154 3151 1506 3202 haereditatem
1538 3151 1762 3201 contulit.
1794 3151 1865 3199 Ad
1889 3151 2116 3198 Castrum

183 3233 372 3297 Koszeg
403 3234 590 3295 (anins)
639 3242 794 3284 terras
833 3234 1183 3299 complurimas
1216 3235 1377 3284 Castri
1405 3235 1549 3284 ferrei
1581 3235 1657 3284 Ν.
1694 3230 1749 3283 3.
1785 3250 1835 3296 p.
1876 3226 1994 3281 114
2025 3248 2120 3296 ap-

183 3318 355 3382 plicuit
386 3324 480 3366 cet.
1121 3321 1124 3324 ’

359 3403 408 3461 ⁴)
441 3400 511 3450 Ex
544 3401 702 3450 verbis
734 3401 876 3450 Belae
909 3401 983 3450 lV.
1019 3401 1168 3462 (Cod.
1204 3401 1261 3449 [l.
1297 3401 1373 3449 lv.
1408 3417 1451 3448 v.
1489 3397 1544 3449 3.
1578 3417 1627 3464 p.
1669 3397 1812 3460 199)
1847 3399 2116 3464 „Denique

185 3498 296 3537 cum
329 3485 655 3550 Bulgarorum
686 3485 937 3535 temeritas
977 3514 1042 3520 ——
1082 3484 1325 3534 Banatum
1358 3485 1419 3534 de
1450 3484 1659 3535 Zeurino
1692 3483 1938 3533 hostiliter
1970 3485 2119 3533 deva-
