2358 3874
1959 210 2084 269 215

155 350 309 437 quod
327 346 771 435 temperandum
804 347 941 432 lege
960 369 1109 433 opus
1129 358 1308 409 esset.
1345 344 1576 409 Laudis
1603 346 1851 410 bellicae
1873 348 2086 413 ardore

153 434 463 521 Arpadum
513 431 907 507 conditorem,
958 455 1034 494 ex
1069 431 1332 516 posteris
1383 430 1840 527 amplificatores
1882 434 2087 496 finium

152 521 380 606 plures3
413 529 663 579 cunctos
694 528 813 578 tam
845 515 1174 578 industrios
1205 519 1526 600 Hungama
1564 516 1936 601 integritatis
1968 531 2087 581 ter-

150 602 343 666 ritorii
375 604 469 664 sui
499 601 800 664 Custodes
832 599 1066 675 habuit,
1105 600 1330 661 nullum
1363 612 1427 662 ut
1455 623 1552 662 res
1586 603 1716 686 ejus
1749 603 2090 688 acceperint

151 687 603 761 incommodum,
651 682 806 771 quod
837 683 1246 768 indiligentiae
1277 682 1486 745 horum
1519 686 1735 771 magis,
1769 709 1944 771 quam
1971 687 2089 749 for-

152 786 332 835 tunae
358 770 734 834 tribuendum
775 781 961 843 esset,
997 790 1147 852 quae
1177 769 1304 852 juri
1348 791 1462 830 suo
1500 768 1790 832 adversus
1830 771 2088 834 fortissi-

152 880 282 920 mos
311 879 578 941 quosque
615 852 859 915 insistit.
885 851 1180 914 Victoriis
1208 875 1325 914 non
1348 855 1769 931 Romanorum,
1799 879 1918 918 non
1946 856 2089 919 alio-

152 965 281 1003 rum
314 940 766 1025 imperiosorum
791 937 1165 1022 populorum,
1207 936 1314 998 sed
1346 959 1457 999 suo
1492 949 1584 998 usi
1618 962 1780 1001 more
1816 953 1984 1016 sunt,
2011 941 2087 1004 ad

152 1025 449 1087 laudatam
483 1022 738 1086 omnium
773 1032 1059 1094 aetatum,
1092 1020 1477 1105 gentiumque
1509 1021 1902 1107 scriptoribus
1934 1028 2088 1109 Scy-

153 1109 390 1172 tharum
421 1107 716 1171 Abiorum
749 1105 1106 1191 aequitatem
1141 1105 1489 1191 composite,
1525 1106 1598 1168 ad
1630 1130 1802 1192 quam
1834 1110 2090 1195 populus

152 1194 491 1269 universus,
536 1204 853 1279 postquam
900 1190 1245 1252 circumlato
1292 1213 1401 1276 per
1438 1193 1741 1276 Europam
1791 1215 2090 1258 armorum

150 1291 409 1354 terrore,
454 1289 778 1362 cognatum
828 1297 894 1336 se
943 1276 1301 1336 Hunnorum
1348 1275 1705 1359 sanguinem
1752 1277 2090 1363 probasset,

147 1366 381 1447 Regum
419 1360 628 1424 horum
661 1357 945 1445 auspiciis
975 1382 1263 1422 reversus
1303 1372 1412 1422 est.
1466 1364 1675 1445 ltaque
1708 1384 1839 1423 cum
1871 1376 2090 1447 gentes

148 1447 298 1509 aliae
328 1447 484 1508 bella
515 1445 894 1531 susciperent
925 1441 998 1504 ad
1029 1443 1349 1528 vectigalia
1380 1444 1626 1506 meliora
1643 1445 1961 1524 reddenda,
1995 1470 2091 1510 ae-

147 1531 368 1594 rarium
395 1529 645 1617 pecunia
669 1526 1121 1603 referciendum,
1155 1550 1418 1612 opesque
1446 1541 1505 1590 et
1537 1530 1841 1592 commoda
1872 1555 1983 1593 sua
2006 1532 2090 1593 vi-

149 1629 379 1680 ctorum
411 1614 688 1700 augenda
717 1613 1068 1700 populorum
1107 1611 1521 1685 incommodis3
1553 1618 1759 1698 Reges
1792 1614 1874 1691 hi,
1907 1639 2091 1700 gens-

150 1725 262 1786 que
300 1700 434 1784 ipsa
480 1721 719 1783 semper
755 1696 869 1759 hoc
908 1696 1265 1781 spectabant
1302 1720 1503 1773 unum,
1543 1697 1832 1783 plurimos
1873 1712 1940 1762 ut
1979 1700 2091 1762 cir-

149 1807 516 1869 cumquaque
541 1782 763 1845 amicos
787 1793 847 1844 et
867 1803 940 1843 ex
955 1780 1235 1843 hostibus
1259 1804 1556 1844 armorum
1579 1782 1778 1845 socios
1796 1783 1910 1845 sibi
1935 1807 2092 1846 com·

146 1881 448 1957 pararent.
481 1871 704 1929 Parum
733 1866 923 1951 igitur
953 1878 1066 1942 est,
1101 1864 1256 1950 quod
1287 1866 1552 1928 nonnulli
1584 1867 1891 1945 mirantur,
1923 1871 2092 1930 Hun-

148 1977 362 2040 garoS,
394 1953 552 2014 intra
588 1952 830 2013 brevem
859 1953 1037 2011 unius
1068 1972 1258 2034 poene
1288 1948 1546 2012 hominis
1578 1964 1833 2015 aetatem
1884 1952 1959 2014 ad
1989 1975 2091 2038 pa-

149 2061 272 2101 rem
311 2060 442 2099 cum
475 2049 645 2123 parte
676 2039 952 2120 Europae
980 2034 1235 2109 cultiori,
1273 2034 1462 2096 civilis
1492 2036 1804 2181 plroe'driae
1837 2037 2092 2122 gradum

148 2122 523 2209 pervenisse3
557 2119 673 2183 nisi
706 2119 882 2181 simul
905 2117 1203 2204 adjiciant,
1237 2117 1375 2181 huic
1397 2142 1469 2181 ea
1539 2121 1884 2183 umanitatis
1915 2121 2088 2185 laude

150 2207 330 2270 etiam
346 2207 788 2293 praecelluisse,
804 2216 866 2266 ut
885 2203 1121 2289 populis
1136 2202 1342 2264 vicinis
1364 2227 1568 2289 pugna
1590 2227 1721 2266 cum
1739 2205 1813 2266 iis
1834 2205 2089 2269 adverso

148 2295 349 2354 Marte
386 2303 656 2378 pugnata
688 2288 950 2350 melioris
984 2299 1149 2350 esset
1189 2287 1548 2350 conditionis
1602 2288 1791 2351 civilis
1841 2290 2090 2353 initium.

149 2380 337 2438 Facta
369 2374 523 2437 enim
553 2374 649 2435 his
681 2372 839 2435 avito
864 2394 1051 2448 more,
1083 2371 1492 2457 institutisque
1518 2372 1666 2449 suiS,
1700 2385 1828 2450 aut,
1862 2373 1915 2435 si
1944 2375 2087 2436 mal·
2125 2447 2130 2455 „

152 2462 276 2522 lent
297 2508 312 2535 ,
375 2457 728 2543 hungaricis
784 2455 1022 2518 vivendi
1089 2456 1370 2519 facultate
1440 2479 1612 2519 omne
1676 2457 2081 2535 beatissimae,
2128 2456 2130 2459 ’

153 2568 304 2630 quae
347 2545 506 2607 inter
563 2542 675 2604 hos
717 2545 1166 2625 Hungarosque
1210 2553 1405 2616 esset,
1449 2542 1914 2604 necessitudinis
1961 2544 2087 2605 offi-

154 2629 306 2692 cinm
350 2628 411 2689 in
455 2627 568 2690 hoc
602 2626 776 2689 situm
825 2637 983 2702 erat,
1044 2638 1110 2687 ut
1149 2624 1423 2687 familiari
1464 2626 1800 2710 Majoribus
1858 2627 2086 2689 nostris

151 2714 403 2777 formula
444 2712 682 2789 „totius
724 2709 899 2796 regni
937 2710 1340 2794 Hungariae“
1367 2716 1418 2788 3)
1465 2709 1879 2796 comprehensi
1902 2714 2088 2774 Prae-

154 2984 515 3034 libertatem
545 2982 990 3047 Jobbagionum
1023 2982 1515 3032 Udvarnokorum
1564 2982 1827 3046 expetiisse
1859 2989 2086 3034 testatur.

154 3067 462 3131 Privilegium
511 3067 629 3116 item
670 3067 814 3115 Belae
853 3066 1001 3131 hujus
1033 3066 1467 3131 ZagrabiensibuS,
1519 3082 1640 3131 quas
1679 3067 1773 3131 ipsi
1818 3073 2088 3131 optassent,

154 3152 404 3202 libertates
423 3150 691 3214 largientis.
720 3150 851 3198 Haec
871 3151 1030 3214 Reges
1061 3157 1233 3200 natura
1265 3167 1352 3200 sua
1382 3151 1710 3214 parsimoniae
1737 3151 2086 3199 studiosiores:

157 3236 272 3300 quid
305 3235 382 3284 alii
414 3234 763 3299 praestiterint,
798 3249 824 3281 a
855 3234 1139 3283 liberalitate
1172 3235 1255 3297 qui
1285 3235 1561 3293 laudantur,
1588 3242 1643 3282 ut
1668 3249 1757 3297 ego
1784 3248 1884 3283 non
1912 3234 2090 3294 dicam,

156 3336 247 3384 pro
282 3336 334 3369 se
367 3319 576 3383 quisque
607 3318 746 3366 facile
778 3317 1074 3381 assequitur.

335 3405 382 3464 3)
414 3403 484 3452 De
515 3402 606 3451 hac
639 3401 868 3466 superius
901 3401 1103 3449 dictum.
1153 3400 1306 3449 Verba
1338 3400 1484 3450 edicti
1517 3400 1817 3464 Sigismundi
1848 3401 1996 3467 Regis
2033 3402 2092 3451 de

158 3504 200 3536 a.
241 3482 401 3537 1404
434 3488 483 3535 in
517 3488 647 3535 Vest.
675 3486 816 3535 Com.
854 3501 901 3548 p.
928 3483 1046 3534 200
1091 3484 1408 3544 „Omnium
1432 3485 1784 3545 Praelatorum‚
1818 3485 2092 3546 Baronum,
