2358 3874
275 203 350 255 lV

276 331 533 386 Balalch.
571 330 894 400 DyonisiUS.
936 328 1201 395 Symoun.
1239 326 1562 379 Karachun.
1603 326 1906 381 Chekenel.
1947 328 2023 380 Ut
2048 329 2218 398 igitur

276 421 454 474 omnis
507 417 804 486 scrupulus
856 417 923 467 de
964 414 1214 482 ipsorum
1268 421 1417 465 statu
1474 422 1528 465 et
1566 413 1818 467 libertate
1870 418 2096 469 obtenta
2147 418 2218 469 ab

275 508 501 576 antiquo
520 508 569 574 ³)
607 510 968 555 removeatur
1006 501 1059 552 in
1098 509 1400 568 posterum,
1436 518 1541 552 nec
1575 502 1753 568 possit
1785 519 2058 556 successu
2083 506 2218 556 tem-

273 612 468 664 porum
510 593 579 644 ab
621 590 809 659 aliquo
844 588 1140 640 retractari
1178 588 1234 639 in
1264 587 1560 639 firmiorem
1593 589 1675 640 rei
1706 591 2028 642 memoriam
2056 607 2218 659 prae-

277 690 467 733 sentes
507 679 713 730 eisdem
754 677 948 728 literas
991 684 1214 727 nostras
1249 676 1633 727 concessimus
1661 676 1895 744 duplicis
1926 675 2094 746 sigilli
2121 694 2218 729 no—

274 768 374 820 stri
400 765 692 819 munimine
722 763 1098 831 perempniter
1126 765 1441 815 roborataS.
1472 762 1676 814 Datum
1697 761 1749 815 in
1769 772 1967 815 castro
1994 762 2220 831 Suprun

275 872 378 923 per
417 869 610 905 manus
637 851 902 921 Magistri
941 850 1226 903 Benedicti
1262 851 1578 918 Praepositi
1612 850 1884 902 Budensis
1923 849 2086 902 aulae
2120 867 2218 902 no-

274 951 425 994 strae
467 938 907 992 Subcancellarii
945 956 1090 990 anno
1133 938 1353 1008 gratiae
1375 938 1454 989 M.
1473 936 1583 990 CC.
1605 937 1722 989 XL.
1743 936 1910 989 ΧΙΙΠ.
1931 936 2059 989 Kal.
2075 936 2220 990 Junii

277 1046 453 1099 regno
494 1036 680 1080 autem
722 1027 900 1079 nostri
939 1043 1084 1078 anno
1126 1026 1314 1094 quinto
1340 1027 1408 1092 4).

433 1261 478 1321 ³)
506 1261 689 1306 Attendi
717 1261 772 1306 ad
798 1259 932 1305 verba
961 1259 1075 1304 haec
1102 1260 1260 1305 velim:
1301 1261 1371 1319 agi
1401 1261 1611 1306 nimirum
1639 1261 1714 1305 hic
1750 1260 1805 1305 de
1834 1260 2042 1306 libertate
2069 1261 2226 1306 homi-

270 1339 388 1380 'num
419 1334 473 1378 de
501 1347 671 1393 genere
699 1333 907 1379 Ethuruh
935 1339 981 1376 et
1006 1333 1177 1392 Mogor‚
1210 1347 1298 1392 qua
1324 1333 1658 1393 Jobbagionum
1687 1349 1724 1378 s.
1754 1334 1914 1392 Regis;
1957 1334 2073 1379 dabo
2103 1335 2222 1379 enim

281 1422 385 1452 mox
421 1406 601 1459 literas,
643 1420 697 1451 ex
725 1406 889 1465 quibus
929 1405 1201 1451 inclarescet
1238 1421 1413 1452 ramum
1459 1407 1617 1466 generi
1652 1406 1859 1451 Ethuruh
1902 1407 2221 1465 cognominem

278 1486 466 1540 praeter
493 1485 674 1532 terram,
706 1479 761 1524 ad
790 1493 923 1538 quam
952 1478 1155 1538 Diploma
1181 1493 1403 1539 praesens
1431 1480 1642 1532 refertur,
1675 1492 1845 1538 quaeve
1874 1480 1919 1524 in
1946 1479 2090 1524 literis
2118 1493 2221 1524 mox

279 1552 589 1613 producendis
618 1565 863 1611 expresse:
904 1552 1165 1611 propria,
1220 1559 1266 1597 et
1310 1552 1715 1597 haereditaria
1751 1552 1943 1605 dicitur,
1981 1551 2074 1609 jam
2102 1565 2222 1597 anno

286 1620 425 1670 1253
441 1625 603 1669 eodem
622 1624 675 1669 ab
690 1625 959 1683 Rege,‚quia
986 1624 1042 1669 ad
1058 1625 1345 1670 serviendum
1369 1632 1518 1670 castro
1541 1625 1663 1670 utilis
1686 1639 1790 1669 esse
1813 1624 2223 1671 considerabatur“

283 1697 545 1743 conditione
572 1698 658 1742 hac
685 1698 935 1757 accepisse.
991 1697 1423 1742 Commemorabiles
1451 1698 1610 1742 literae
1638 1698 1724 1742 hae
1753 1704 1865 1742 sunt
1899 1698 2034 1743 etiam
2063 1712 2087 1742 a
2113 1711 2223 1743 voce

278 1771 448 1829 Mogor,
481 1783 597 1828 quae
627 1769 816 1814 totidem
844 1769 1015 1823 literis,
1048 1776 1094 1814 et
1120 1770 1194 1814 hic
1222 1777 1268 1815 et
1294 1771 1339 1815 in
1369 1770 1621 1830 Diplomate
1649 1770 1788 1815 Andr.
1819 1771 1878 1815 11*
1906 1769 1955 1815 C.
1986 1771 2036 1815 D.
2066 1771 2140 1816 ΙΙΙ.
2169 1767 2220 1815 2.

280 1857 324 1902 p.
356 1837 424 1886 65
454 1842 623 1901 scripta
653 1849 742 1889 est.
780 1842 890 1886 Vide
920 1843 983 1887 sis
1010 1842 1041 1886 l.
1072 1843 1104 1886 Ι.
1134 1843 1161 1901 §
1193 1840 1239 1887 1.

429 1914 475 1974 4)
504 1916 556 1959 In
581 1914 784 1959 inferiori
827 1915 1084 1975 diplomatis
1126 1916 1331 1975 margine
1373 1916 1605 1962 traductae
1636 1917 1785 1962 Zonac
1827 1915 1993 1962 rubrae
2032 1916 2221 1962 laciniae

282 1988 509 2041 visuntur;
555 1988 759 2045 Sigillum
789 1988 935 2033 deest.

1008 2150 1107 2161 ..q-.-

1207 2302 1314 2372 ll.

283 2462 531 2526 Literae
569 2463 756 2525 Belae
780 2466 891 2525 lV.
929 2464 1116 2526 veris
1162 2463 1343 2526 siliis
1376 2464 1903 2550 Jobbagionum
1941 2470 2006 2530 S.
2031 2467 2222 2553 Regis

282 2578 353 2640 (le
405 2580 567 2641 Guta
618 2576 867 2639 Karcha
932 2602 1039 2664 per
1097 2579 1519 2664 Jobbagiones
1586 2579 1771 2641 castri
1827 2581 2222 2644 Posoniensis

283 2691 743 2775 (Magistratum
784 2691 1084 2778 intellige)
1123 2692 1439 2779 impetitis,
1496 2717 1680 2755 causa
1720 2694 1994 2778 cognita,
2042 2717 2224 2780 super

530 2804 640 2866 hoc
681 2805 981 2869 libertatis
1024 2831 1229 2870 eorum
1273 2821 1436 2871 statu
1480 2809 1653 2870 datae
1702 2831 1752 2869 a.
1808 2814 1986 2870 1255.

961 2976 1070 3038 (Ex
1116 2977 1546 3043 autographo.)

431 3131 626 3184 BELA
666 3132 772 3186 Dei
810 3136 996 3206 gratia
1029 3136 1350 3208 Hungariae
1380 3137 1695 3191 Dalmatiae
1719 3137 1978 3192 Croatiae
2004 3137 2220 3192 Ramae

282 3217 515 3272 Serviae
571 3220 844 3276 Galliciae
893 3223 1262 3277 Lodomeriae
1317 3224 1729 3296 Cumaniaeque
1783 3225 1912 3277 Rex
1970 3226 2221 3278 omnibus

280 3306 478 3374 quibus
519 3319 847 3376 praesentes
887 3314 1248 3364 ostendentur
1286 3322 1399 3365 tam
1440 3314 1846 3382 p1·aesentibuS‚
1881 3331 2044 3383 quam
2076 3313 2218 3365 futu·

282 3391 361 3443 ris
399 3393 635 3447 salutem
686 3398 738 3449 in
792 3400 1032 3452 omnium
1081 3399 1387 3453 salvatore.
1447 3400 1606 3453 Solet
1643 3399 1990 3452 Excellentia
2035 3398 2219 3469 Regia

282 3485 484 3531 statum
525 3482 625 3534 sibi
665 3483 897 3539 fideliter
933 3486 1312 3542 famulantium
1353 3490 1640 3553 roborare,
1675 3506 1744 3541 ne
1779 3503 2051 3556 processu
2084 3494 2219 3538 tem-
