<?xml version="1.0" encoding="UTF-8"?>
<!DOCTYPE html PUBLIC "-//W3C//DTD XHTML 1.0 Transitional//EN"
    "http://www.w3.org/TR/xhtml1/DTD/xhtml1-transitional.dtd">
<html xmlns="http://www.w3.org/1999/xhtml" xml:lang="en" lang="en">
 <head>
  <title>
</title>
<meta http-equiv="Content-Type" content="text/html;charset=utf-8" />
  <meta name='ocr-system' content='tesseract 3.04.00' />
  <meta name='ocr-capabilities' content='ocr_page ocr_carea ocr_par ocr_line ocrx_word'/>
</head>
<body>
  <div class='ocr_page' id='page_1' title='image "./commentariorumad02bart_0233.png"; bbox 0 0 2358 3874; ppageno 0'>
   <div class='ocr_carea' id='block_1_1' title="bbox 1996 203 2073 255">
    <p class='ocr_par' dir='ltr' id='par_1_1' title="bbox 1996 203 2073 255">
     <span class='ocr_line' id='line_1_1' title="bbox 1996 203 2073 255; baseline -0.013 0"><span class='ocrx_word' id='word_1_1' title='bbox 1996 203 2073 255; x_wconf 79' lang='lat' dir='ltr'>XI</span> 
     </span>
    </p>
   </div>
   <div class='ocr_carea' id='block_1_2' title="bbox 118 334 2127 3211">
    <p class='ocr_par' dir='ltr' id='par_1_2' title="bbox 118 334 2127 3211">
     <span class='ocr_line' id='line_1_2' title="bbox 145 334 2127 407; baseline -0.003 -18"><span class='ocrx_word' id='word_1_2' title='bbox 145 337 432 407; x_wconf 87' lang='lat' dir='ltr'>privilegio</span> <span class='ocrx_word' id='word_1_3' title='bbox 471 335 821 388; x_wconf 84' lang='lat' dir='ltr'>confirmare.</span> <span class='ocrx_word' id='word_1_4' title='bbox 886 335 1060 406; x_wconf 85' lang='lat' dir='ltr'>Cujus</span> <span class='ocrx_word' id='word_1_5' title='bbox 1095 344 1273 388; x_wconf 76' lang='lat' dir='ltr'>,tenor</span> <span class='ocrx_word' id='word_1_6' title='bbox 1312 336 1438 388; x_wconf 90' lang='lat' dir='ltr'>talis</span> <span class='ocrx_word' id='word_1_7' title='bbox 1475 344 1577 388; x_wconf 87' lang='lat' dir='ltr'>est.</span> <span class='ocrx_word' id='word_1_8' title='bbox 1629 334 1937 387; x_wconf 68' lang='lat' dir='ltr'>Laslislaus‘</span> <span class='ocrx_word' id='word_1_9' title='bbox 1969 335 2074 387; x_wconf 88' lang='lat' dir='ltr'>Dei</span> <span class='ocrx_word' id='word_1_10' title='bbox 2104 373 2127 382; x_wconf 42' lang='lat'><em>0</em></span> 
     </span>
     <span class='ocr_line' id='line_1_3' title="bbox 139 422 2073 497; baseline -0.002 -19"><span class='ocrx_word' id='word_1_11' title='bbox 139 426 326 497; x_wconf 88' lang='lat' dir='ltr'>gratia</span> <span class='ocrx_word' id='word_1_12' title='bbox 362 423 715 494; x_wconf 80' lang='lat' dir='ltr'>Hungariae‚</span> <span class='ocrx_word' id='word_1_13' title='bbox 769 423 1116 488; x_wconf 80' lang='lat' dir='ltr'><strong>Dalmatiae,</strong></span> <span class='ocrx_word' id='word_1_14' title='bbox 1171 422 1459 488; x_wconf 83' lang='lat' dir='ltr'>Croatiae‚</span> <span class='ocrx_word' id='word_1_15' title='bbox 1513 423 1768 486; x_wconf 68' lang='lat' dir='ltr'>Batnae,</span> <span class='ocrx_word' id='word_1_16' title='bbox 1821 422 2073 487; x_wconf 65' lang='lat' dir='ltr'>serviae,</span> 
     </span>
     <span class='ocr_line' id='line_1_4' title="bbox 140 510 2072 582; baseline -0.002 -16"><span class='ocrx_word' id='word_1_17' title='bbox 140 514 428 576; x_wconf 83' lang='lat' dir='ltr'>Gallieiae,</span> <span class='ocrx_word' id='word_1_18' title='bbox 469 510 860 576; x_wconf 80' lang='lat' dir='ltr'>Lodomeriae‚</span> <span class='ocrx_word' id='word_1_19' title='bbox 900 510 1200 564; x_wconf 86' lang='lat' dir='ltr'>Comaniae</span> <span class='ocrx_word' id='word_1_20' title='bbox 1240 511 1652 582; x_wconf 89' lang='lat' dir='ltr'>Bulgariaeque</span> <span class='ocrx_word' id='word_1_21' title='bbox 1684 511 1826 563; x_wconf 83' lang='lat' dir='ltr'>Rex.</span> <span class='ocrx_word' id='word_1_22' title='bbox 1888 510 2072 562; x_wconf 90' lang='lat' dir='ltr'>Omni-</span> 
     </span>
     <span class='ocr_line' id='line_1_5' title="bbox 139 597 2073 669; baseline -0.002 -16"><span class='ocrx_word' id='word_1_23' title='bbox 139 603 243 653; x_wconf 91' lang='lat' dir='ltr'>bus</span> <span class='ocrx_word' id='word_1_24' title='bbox 278 599 375 651; x_wconf 88' lang='lat' dir='ltr'>Xti</span> <span class='ocrx_word' id='word_1_25' title='bbox 412 597 665 651; x_wconf 90' lang='lat' dir='ltr'>fidelibus</span> <span class='ocrx_word' id='word_1_26' title='bbox 703 607 817 651; x_wconf 91' lang='lat' dir='ltr'>tam</span> <span class='ocrx_word' id='word_1_27' title='bbox 866 601 1288 668; x_wconf 79' lang='lat' dir='ltr'>praesentibus,</span> <span class='ocrx_word' id='word_1_28' title='bbox 1339 617 1515 669; x_wconf 88' lang='lat' dir='ltr'>quam.</span> <span class='ocrx_word' id='word_1_29' title='bbox 1549 599 1751 651; x_wconf 85' lang='lat' dir='ltr'>futuris</span> <span class='ocrx_word' id='word_1_30' title='bbox 1797 615 2073 668; x_wconf 90' lang='lat' dir='ltr'>praesens</span> 
     </span>
     <span class='ocr_line' id='line_1_6' title="bbox 137 685 2071 756; baseline -0.001 -16"><span class='ocrx_word' id='word_1_31' title='bbox 137 687 400 756; x_wconf 85' lang='lat' dir='ltr'>seriptum</span> <span class='ocrx_word' id='word_1_32' title='bbox 439 687 774 755; x_wconf 85' lang='lat' dir='ltr'>inspecturis</span> <span class='ocrx_word' id='word_1_33' title='bbox 814 686 1048 738; x_wconf 84' lang='lat' dir='ltr'>salutem</span> <span class='ocrx_word' id='word_1_34' title='bbox 1091 687 1145 738; x_wconf 91' lang='lat' dir='ltr'>in</span> <span class='ocrx_word' id='word_1_35' title='bbox 1186 687 1421 739; x_wconf 91' lang='lat' dir='ltr'>omnium</span> <span class='ocrx_word' id='word_1_36' title='bbox 1463 686 1767 739; x_wconf 77' lang='lat' dir='ltr'><strong>salvatore.</strong></span> <span class='ocrx_word' id='word_1_37' title='bbox 1820 685 1907 738; x_wconf 81' lang='lat' dir='ltr'>Ad</span> <span class='ocrx_word' id='word_1_38' title='bbox 1953 687 2071 738; x_wconf 89' lang='lat' dir='ltr'>uni-</span> 
     </span>
     <span class='ocr_line' id='line_1_7' title="bbox 135 774 2073 843; baseline -0.001 -16"><span class='ocrx_word' id='word_1_39' title='bbox 135 792 426 828; x_wconf 89' lang='lat' dir='ltr'>versorum</span> <span class='ocrx_word' id='word_1_40' title='bbox 486 775 732 827; x_wconf 83' lang='lat' dir='ltr'><strong>notitiam</strong></span> <span class='ocrx_word' id='word_1_41' title='bbox 785 774 983 826; x_wconf 89' lang='lat' dir='ltr'>harum</span> <span class='ocrx_word' id='word_1_42' title='bbox 1041 775 1185 826; x_wconf 91' lang='lat' dir='ltr'>serie</span> <span class='ocrx_word' id='word_1_43' title='bbox 1240 775 1495 827; x_wconf 88' lang='lat' dir='ltr'>volumus</span> <span class='ocrx_word' id='word_1_44' title='bbox 1547 774 1876 843; x_wconf 80' lang='lat' dir='ltr'>pervenire,</span> <span class='ocrx_word' id='word_1_45' title='bbox 1925 775 2073 843; x_wconf 87' lang='lat' dir='ltr'>quod</span> 
     </span>
     <span class='ocr_line' id='line_1_8' title="bbox 134 860 2070 932; baseline -0.002 -15"><span class='ocrx_word' id='word_1_46' title='bbox 134 865 335 917; x_wconf 88' lang='lat' dir='ltr'>Petrus</span> <span class='ocrx_word' id='word_1_47' title='bbox 385 862 527 914; x_wconf 90' lang='lat' dir='ltr'>filius</span> <span class='ocrx_word' id='word_1_48' title='bbox 584 861 835 914; x_wconf 88' lang='lat' dir='ltr'>Ethuruh</span> <span class='ocrx_word' id='word_1_49' title='bbox 895 863 963 914; x_wconf 86' lang='lat' dir='ltr'>de</span> <span class='ocrx_word' id='word_1_50' title='bbox 1018 860 1422 932; x_wconf 88' lang='lat' dir='ltr'>Jobagionibus</span> <span class='ocrx_word' id='word_1_51' title='bbox 1476 861 1659 915; x_wconf 85' lang='lat' dir='ltr'>Castri</span> <span class='ocrx_word' id='word_1_52' title='bbox 1714 862 2070 914; x_wconf 76' lang='lat' dir='ltr'>posoniensis</span> 
     </span>
     <span class='ocr_line' id='line_1_9' title="bbox 133 949 2070 1020; baseline -0.002 -16"><span class='ocrx_word' id='word_1_53' title='bbox 133 954 342 1004; x_wconf 85' lang='lat' dir='ltr'>ducens</span> <span class='ocrx_word' id='word_1_54' title='bbox 381 951 649 1020; x_wconf 84' lang='lat' dir='ltr'>originem</span> <span class='ocrx_word' id='word_1_55' title='bbox 689 951 760 1001; x_wconf 88' lang='lat' dir='ltr'>ad</span> <span class='ocrx_word' id='word_1_56' title='bbox 796 960 1046 1001; x_wconf 88' lang='lat' dir='ltr'>nostram</span> <span class='ocrx_word' id='word_1_57' title='bbox 1089 951 1366 1001; x_wconf 84' lang='lat' dir='ltr'>accedens</span> <span class='ocrx_word' id='word_1_58' title='bbox 1406 949 1784 1017; x_wconf 82' lang='lat' dir='ltr'>praesentiam</span> <span class='ocrx_word' id='word_1_59' title='bbox 1825 949 2070 1002; x_wconf 84' lang='lat' dir='ltr'>exhibuit</span> 
     </span>
     <span class='ocr_line' id='line_1_10' title="bbox 131 1031 2070 1107; baseline -0.002 -15"><span class='ocrx_word' id='word_1_60' title='bbox 131 1039 290 1092; x_wconf 88' lang='lat' dir='ltr'>nobis</span> <span class='ocrx_word' id='word_1_61' title='bbox 326 1037 674 1107; x_wconf 87' lang='lat' dir='ltr'>privilegium</span> <span class='ocrx_word' id='word_1_62' title='bbox 715 1031 1067 1088; x_wconf 47' lang='lat' dir='ltr'>Seren&#39;issimi</span> <span class='ocrx_word' id='word_1_63' title='bbox 1105 1037 1382 1105; x_wconf 87' lang='lat' dir='ltr'>Principis</span> <span class='ocrx_word' id='word_1_64' title='bbox 1419 1037 1638 1089; x_wconf 88' lang='lat' dir='ltr'>Domini</span> <span class='ocrx_word' id='word_1_65' title='bbox 1677 1037 1850 1089; x_wconf 88' lang='lat' dir='ltr'>Belae</span> <span class='ocrx_word' id='word_1_66' title='bbox 1891 1036 2070 1089; x_wconf 87' lang='lat' dir='ltr'>felicis</span> 
     </span>
     <span class='ocr_line' id='line_1_11' title="bbox 131 1124 2070 1195; baseline -0.001 -16"><span class='ocrx_word' id='word_1_67' title='bbox 131 1126 532 1179; x_wconf 87' lang='lat' dir='ltr'>reeordationis</span> <span class='ocrx_word' id='word_1_68' title='bbox 583 1124 762 1195; x_wconf 87' lang='lat' dir='ltr'>Regis</span> <span class='ocrx_word' id='word_1_69' title='bbox 819 1125 908 1177; x_wconf 87' lang='lat' dir='ltr'>avi</span> <span class='ocrx_word' id='word_1_70' title='bbox 964 1124 1155 1177; x_wconf 87' lang='lat' dir='ltr'>Nostri</span> <span class='ocrx_word' id='word_1_71' title='bbox 1216 1124 1530 1177; x_wconf 82' lang='lat' dir='ltr'>charissimi</span> <span class='ocrx_word' id='word_1_72' title='bbox 1593 1125 2070 1193; x_wconf 83' lang='lat' dir='ltr'>supercollatione</span> 
     </span>
     <span class='ocr_line' id='line_1_12' title="bbox 132 1212 2070 1285; baseline -0.001 -18"><span class='ocrx_word' id='word_1_73' title='bbox 132 1215 419 1285; x_wconf 83' lang='lat' dir='ltr'>eujusdam</span> <span class='ocrx_word' id='word_1_74' title='bbox 458 1222 643 1265; x_wconf 90' lang='lat' dir='ltr'>terrae</span> <span class='ocrx_word' id='word_1_75' title='bbox 683 1213 854 1265; x_wconf 86' lang='lat' dir='ltr'>castri</span> <span class='ocrx_word' id='word_1_76' title='bbox 892 1212 1155 1265; x_wconf 86' lang='lat' dir='ltr'>Karchan</span> <span class='ocrx_word' id='word_1_77' title='bbox 1196 1221 1433 1265; x_wconf 85' lang='lat' dir='ltr'>vocatae</span> <span class='ocrx_word' id='word_1_78' title='bbox 1473 1230 1577 1281; x_wconf 86' lang='lat' dir='ltr'>per</span> <span class='ocrx_word' id='word_1_79' title='bbox 1616 1215 1849 1265; x_wconf 89' lang='lat' dir='ltr'>eundem</span> <span class='ocrx_word' id='word_1_80' title='bbox 1879 1213 2070 1265; x_wconf 90' lang='lat' dir='ltr'>Domi-</span> 
     </span>
     <span class='ocr_line' id='line_1_13' title="bbox 129 1299 2070 1372; baseline -0.001 -17"><span class='ocrx_word' id='word_1_81' title='bbox 129 1321 260 1355; x_wconf 88' lang='lat' dir='ltr'>num</span> <span class='ocrx_word' id='word_1_82' title='bbox 301 1302 520 1372; x_wconf 84' lang='lat' dir='ltr'>Regem</span> <span class='ocrx_word' id='word_1_83' title='bbox 578 1301 682 1352; x_wconf 92' lang='lat' dir='ltr'>sibi</span> <span class='ocrx_word' id='word_1_84' title='bbox 738 1309 791 1352; x_wconf 90' lang='lat' dir='ltr'>et</span> <span class='ocrx_word' id='word_1_85' title='bbox 843 1301 960 1352; x_wconf 89' lang='lat' dir='ltr'>suis</span> <span class='ocrx_word' id='word_1_86' title='bbox 1011 1299 1280 1353; x_wconf 83' lang='lat' dir='ltr'>fratribus</span> <span class='ocrx_word' id='word_1_87' title='bbox 1331 1300 1484 1353; x_wconf 86' lang='lat' dir='ltr'>saeta</span> <span class='ocrx_word' id='word_1_88' title='bbox 1533 1300 1819 1353; x_wconf 83' lang='lat' dir='ltr'>confectas</span> <span class='ocrx_word' id='word_1_89' title='bbox 1872 1311 2070 1371; x_wconf 90' lang='lat' dir='ltr'>petens</span> 
     </span>
     <span class='ocr_line' id='line_1_14' title="bbox 131 1387 2069 1459; baseline 0 -17"><span class='ocrx_word' id='word_1_90' title='bbox 131 1408 256 1443; x_wconf 88' lang='lat' dir='ltr'>eum</span> <span class='ocrx_word' id='word_1_91' title='bbox 308 1388 571 1441; x_wconf 88' lang='lat' dir='ltr'>instantia</span> <span class='ocrx_word' id='word_1_92' title='bbox 617 1397 677 1440; x_wconf 88' lang='lat' dir='ltr'>ut</span> <span class='ocrx_word' id='word_1_93' title='bbox 713 1388 855 1440; x_wconf 90' lang='lat' dir='ltr'>idem</span> <span class='ocrx_word' id='word_1_94' title='bbox 893 1387 1173 1440; x_wconf 84' lang='lat' dir='ltr'>ratificare</span> <span class='ocrx_word' id='word_1_95' title='bbox 1213 1397 1267 1441; x_wconf 93' lang='lat' dir='ltr'>et</span> <span class='ocrx_word' id='word_1_96' title='bbox 1314 1397 1509 1440; x_wconf 87' lang='lat' dir='ltr'>nostro</span> <span class='ocrx_word' id='word_1_97' title='bbox 1561 1389 1921 1459; x_wconf 85' lang='lat' dir='ltr'>dignaremur</span> <span class='ocrx_word' id='word_1_98' title='bbox 1958 1391 2069 1458; x_wconf 89' lang='lat' dir='ltr'>pri-</span> 
     </span>
     <span class='ocr_line' id='line_1_15' title="bbox 129 1475 2070 1548; baseline -0.001 -17"><span class='ocrx_word' id='word_1_99' title='bbox 129 1478 338 1548; x_wconf 86' lang='lat' dir='ltr'>vilegio</span> <span class='ocrx_word' id='word_1_100' title='bbox 388 1475 733 1529; x_wconf 85' lang='lat' dir='ltr'>confirmare.</span> <span class='ocrx_word' id='word_1_101' title='bbox 787 1477 946 1545; x_wconf 86' lang='lat' dir='ltr'>eujus</span> <span class='ocrx_word' id='word_1_102' title='bbox 987 1476 1205 1544; x_wconf 89' lang='lat' dir='ltr'>quidem</span> <span class='ocrx_word' id='word_1_103' title='bbox 1244 1484 1403 1528; x_wconf 90' lang='lat' dir='ltr'>tenor</span> <span class='ocrx_word' id='word_1_104' title='bbox 1443 1475 1571 1528; x_wconf 89' lang='lat' dir='ltr'>talis</span> <span class='ocrx_word' id='word_1_105' title='bbox 1624 1486 1727 1529; x_wconf 86' lang='lat' dir='ltr'>est.</span> <span class='ocrx_word' id='word_1_106' title='bbox 1788 1477 1924 1530; x_wconf 88' lang='lat' dir='ltr'>Bela</span> <span class='ocrx_word' id='word_1_107' title='bbox 1962 1477 2070 1531; x_wconf 87' lang='lat' dir='ltr'>Dei</span> 
     </span>
     <span class='ocr_line' id='line_1_16' title="bbox 129 1562 2068 1637; baseline -0.001 -19"><span class='ocrx_word' id='word_1_108' title='bbox 129 1566 312 1637; x_wconf 87' lang='lat' dir='ltr'>gratia</span> <span class='ocrx_word' id='word_1_109' title='bbox 351 1564 675 1634; x_wconf 88' lang='lat' dir='ltr'>Hungariae</span> <span class='ocrx_word' id='word_1_110' title='bbox 714 1563 1029 1615; x_wconf 88' lang='lat' dir='ltr'>Dalmatiae</span> <span class='ocrx_word' id='word_1_111' title='bbox 1071 1562 1332 1615; x_wconf 82' lang='lat' dir='ltr'>Croatiae</span> <span class='ocrx_word' id='word_1_112' title='bbox 1371 1562 1587 1615; x_wconf 85' lang='lat' dir='ltr'>Ramae</span> <span class='ocrx_word' id='word_1_113' title='bbox 1627 1563 1858 1616; x_wconf 88' lang='lat' dir='ltr'>Serviae</span> <span class='ocrx_word' id='word_1_114' title='bbox 1896 1565 2068 1617; x_wconf 88' lang='lat' dir='ltr'>Galli-</span> 
     </span>
     <span class='ocr_line' id='line_1_17' title="bbox 129 1650 2068 1720; baseline 0 -14"><span class='ocrx_word' id='word_1_115' title='bbox 129 1655 250 1706; x_wconf 87' lang='lat' dir='ltr'>ciae</span> <span class='ocrx_word' id='word_1_116' title='bbox 305 1652 672 1705; x_wconf 88' lang='lat' dir='ltr'>Lodomeriae</span> <span class='ocrx_word' id='word_1_117' title='bbox 719 1650 1128 1719; x_wconf 87' lang='lat' dir='ltr'>Comaniaeque</span> <span class='ocrx_word' id='word_1_118' title='bbox 1187 1650 1314 1703; x_wconf 81' lang='lat' dir='ltr'>Rex</span> <span class='ocrx_word' id='word_1_119' title='bbox 1377 1651 1652 1703; x_wconf 89' lang='lat' dir='ltr'>universis</span> <span class='ocrx_word' id='word_1_120' title='bbox 1711 1662 2068 1720; x_wconf 84' lang='lat' dir='ltr'>praesentem</span> 
     </span>
     <span class='ocr_line' id='line_1_18' title="bbox 129 1739 2068 1812; baseline 0 -19"><span class='ocrx_word' id='word_1_121' title='bbox 129 1742 393 1812; x_wconf 83' lang='lat' dir='ltr'>paginam</span> <span class='ocrx_word' id='word_1_122' title='bbox 445 1739 778 1808; x_wconf 82' lang='lat' dir='ltr'>inspecturis</span> <span class='ocrx_word' id='word_1_123' title='bbox 826 1739 1061 1791; x_wconf 84' lang='lat' dir='ltr'>salutem</span> <span class='ocrx_word' id='word_1_124' title='bbox 1099 1739 1153 1791; x_wconf 89' lang='lat' dir='ltr'>in</span> <span class='ocrx_word' id='word_1_125' title='bbox 1193 1739 1391 1791; x_wconf 90' lang='lat' dir='ltr'>salutis</span> <span class='ocrx_word' id='word_1_126' title='bbox 1429 1739 1718 1809; x_wconf 85' lang='lat' dir='ltr'>largitore.</span> <span class='ocrx_word' id='word_1_127' title='bbox 1758 1740 1933 1793; x_wconf 86' lang='lat' dir='ltr'>Justis</span> <span class='ocrx_word' id='word_1_128' title='bbox 1973 1758 2068 1810; x_wconf 92' lang='lat' dir='ltr'>pe-</span> 
     </span>
     <span class='ocr_line' id='line_1_19' title="bbox 128 1826 2068 1895; baseline -0.001 -14"><span class='ocrx_word' id='word_1_129' title='bbox 128 1830 356 1881; x_wconf 88' lang='lat' dir='ltr'>tentium</span> <span class='ocrx_word' id='word_1_130' title='bbox 397 1827 686 1880; x_wconf 88' lang='lat' dir='ltr'>desideriis</span> <span class='ocrx_word' id='word_1_131' title='bbox 725 1827 1001 1895; x_wconf 85' lang='lat' dir='ltr'>Principis</span> <span class='ocrx_word' id='word_1_132' title='bbox 1041 1827 1280 1879; x_wconf 90' lang='lat' dir='ltr'>animum</span> <span class='ocrx_word' id='word_1_133' title='bbox 1332 1826 1584 1879; x_wconf 86' lang='lat' dir='ltr'>inclinari</span> <span class='ocrx_word' id='word_1_134' title='bbox 1635 1836 1688 1879; x_wconf 89' lang='lat' dir='ltr'>et</span> <span class='ocrx_word' id='word_1_135' title='bbox 1741 1830 1876 1880; x_wconf 87' lang='lat' dir='ltr'>ordo</span> <span class='ocrx_word' id='word_1_136' title='bbox 1917 1827 2068 1880; x_wconf 86' lang='lat' dir='ltr'>Juris</span> 
     </span>
     <span class='ocr_line' id='line_1_20' title="bbox 129 1914 2065 1986; baseline -0.001 -16"><span class='ocrx_word' id='word_1_137' title='bbox 129 1926 184 1970; x_wconf 87' lang='lat' dir='ltr'>et</span> <span class='ocrx_word' id='word_1_138' title='bbox 219 1917 385 1986; x_wconf 88' lang='lat' dir='ltr'>vigor</span> <span class='ocrx_word' id='word_1_139' title='bbox 425 1916 597 1986; x_wconf 80' lang='lat' dir='ltr'>exigit</span> <span class='ocrx_word' id='word_1_140' title='bbox 634 1914 862 1966; x_wconf 89' lang='lat' dir='ltr'>rationis</span> <span class='ocrx_word' id='word_1_141' title='bbox 902 1916 1212 1978; x_wconf 76' lang='lat' dir='ltr'>dummod0‚</span> <span class='ocrx_word' id='word_1_142' title='bbox 1252 1916 1400 1984; x_wconf 90' lang='lat' dir='ltr'>quod</span> <span class='ocrx_word' id='word_1_143' title='bbox 1434 1915 1639 1983; x_wconf 90' lang='lat' dir='ltr'>petitur</span> <span class='ocrx_word' id='word_1_144' title='bbox 1667 1916 1916 1984; x_wconf 85' lang='lat' dir='ltr'>justitiae</span> <span class='ocrx_word' id='word_1_145' title='bbox 1956 1934 2065 1968; x_wconf 89' lang='lat' dir='ltr'>non</span> 
     </span>
     <span class='ocr_line' id='line_1_21' title="bbox 118 2001 2062 2072; baseline -0.001 -15"><span class='ocrx_word' id='word_1_146' title='bbox 118 2005 311 2066; x_wconf 67' lang='lat' dir='ltr'>‚obviet</span> <span class='ocrx_word' id='word_1_147' title='bbox 364 2021 466 2055; x_wconf 87' lang='lat' dir='ltr'>neo</span> <span class='ocrx_word' id='word_1_148' title='bbox 494 2003 609 2072; x_wconf 89' lang='lat' dir='ltr'>juri</span> <span class='ocrx_word' id='word_1_149' title='bbox 648 2002 992 2070; x_wconf 80' lang='lat' dir='ltr'>praejudicet</span> <span class='ocrx_word' id='word_1_150' title='bbox 1033 2001 1232 2054; x_wconf 89' lang='lat' dir='ltr'>alieno.</span> <span class='ocrx_word' id='word_1_151' title='bbox 1274 2002 1412 2054; x_wconf 86' lang='lat' dir='ltr'>Hine</span> <span class='ocrx_word' id='word_1_152' title='bbox 1451 2012 1567 2066; x_wconf 81' lang='lat' dir='ltr'>est,</span> <span class='ocrx_word' id='word_1_153' title='bbox 1629 2005 1774 2071; x_wconf 86' lang='lat' dir='ltr'>quod</span> <span class='ocrx_word' id='word_1_154' title='bbox 1813 2003 2062 2056; x_wconf 87' lang='lat' dir='ltr'>Ethuruh</span> 
     </span>
     <span class='ocr_line' id='line_1_22' title="bbox 126 2089 2066 2161; baseline -0.001 -17"><span class='ocrx_word' id='word_1_155' title='bbox 126 2091 363 2161; x_wconf 87' lang='lat' dir='ltr'>Jobagio</span> <span class='ocrx_word' id='word_1_156' title='bbox 404 2089 590 2142; x_wconf 86' lang='lat' dir='ltr'>Castri</span> <span class='ocrx_word' id='word_1_157' title='bbox 628 2090 990 2141; x_wconf 86' lang='lat' dir='ltr'>Posoniensis</span> <span class='ocrx_word' id='word_1_158' title='bbox 1032 2092 1099 2141; x_wconf 91' lang='lat' dir='ltr'>de</span> <span class='ocrx_word' id='word_1_159' title='bbox 1138 2089 1430 2153; x_wconf 79' lang='lat' dir='ltr'>Karchan,</span> <span class='ocrx_word' id='word_1_160' title='bbox 1469 2108 1580 2143; x_wconf 89' lang='lat' dir='ltr'>una</span> <span class='ocrx_word' id='word_1_161' title='bbox 1620 2108 1745 2143; x_wconf 87' lang='lat' dir='ltr'>oum</span> <span class='ocrx_word' id='word_1_162' title='bbox 1783 2091 1910 2143; x_wconf 92' lang='lat' dir='ltr'>filiis</span> <span class='ocrx_word' id='word_1_163' title='bbox 1949 2092 2066 2143; x_wconf 89' lang='lat' dir='ltr'>suis</span> 
     </span>
     <span class='ocr_line' id='line_1_23' title="bbox 128 2177 2067 2246; baseline -0.001 -14"><span class='ocrx_word' id='word_1_164' title='bbox 128 2179 381 2243; x_wconf 76' lang='lat' dir='ltr'>Simone,</span> <span class='ocrx_word' id='word_1_165' title='bbox 423 2177 770 2246; x_wconf 71' lang='lat' dir='ltr'>Seraphim,</span> <span class='ocrx_word' id='word_1_166' title='bbox 812 2177 980 2228; x_wconf 88' lang='lat' dir='ltr'>Petro</span> <span class='ocrx_word' id='word_1_167' title='bbox 1034 2195 1068 2228; x_wconf 90' lang='lat' dir='ltr'>a</span> <span class='ocrx_word' id='word_1_168' title='bbox 1117 2178 1276 2230; x_wconf 90' lang='lat' dir='ltr'>nobis</span> <span class='ocrx_word' id='word_1_169' title='bbox 1325 2178 1629 2246; x_wconf 88' lang='lat' dir='ltr'>postulavit</span> <span class='ocrx_word' id='word_1_170' title='bbox 1666 2179 1967 2243; x_wconf 76' lang='lat' dir='ltr'>instanter,</span> <span class='ocrx_word' id='word_1_171' title='bbox 2007 2189 2067 2231; x_wconf 88' lang='lat' dir='ltr'>ut</span> 
     </span>
     <span class='ocr_line' id='line_1_24' title="bbox 127 2265 2067 2336; baseline -0.001 -17"><span class='ocrx_word' id='word_1_172' title='bbox 127 2267 566 2336; x_wconf 88' lang='lat' dir='ltr'>assignationem</span> <span class='ocrx_word' id='word_1_173' title='bbox 620 2266 907 2334; x_wconf 84' lang='lat' dir='ltr'>eujusdam</span> <span class='ocrx_word' id='word_1_174' title='bbox 963 2273 1147 2316; x_wconf 84' lang='lat' dir='ltr'>terrae</span> <span class='ocrx_word' id='word_1_175' title='bbox 1199 2283 1335 2317; x_wconf 90' lang='lat' dir='ltr'>suae</span> <span class='ocrx_word' id='word_1_176' title='bbox 1387 2267 1606 2318; x_wconf 88' lang='lat' dir='ltr'>nomine</span> <span class='ocrx_word' id='word_1_177' title='bbox 1646 2265 1914 2318; x_wconf 88' lang='lat' dir='ltr'>Karchan</span> <span class='ocrx_word' id='word_1_178' title='bbox 1964 2285 2067 2335; x_wconf 87' lang='lat' dir='ltr'>per</span> 
     </span>
     <span class='ocr_line' id='line_1_25' title="bbox 125 2350 2065 2424; baseline -0.001 -18"><span class='ocrx_word' id='word_1_179' title='bbox 125 2354 451 2424; x_wconf 89' lang='lat' dir='ltr'>Dyonisium</span> <span class='ocrx_word' id='word_1_180' title='bbox 491 2354 764 2422; x_wconf 89' lang='lat' dir='ltr'>quondam</span> <span class='ocrx_word' id='word_1_181' title='bbox 803 2351 1117 2403; x_wconf 87' lang='lat' dir='ltr'>Palatinum</span> <span class='ocrx_word' id='word_1_182' title='bbox 1157 2350 1427 2404; x_wconf 85' lang='lat' dir='ltr'>Comitem</span> <span class='ocrx_word' id='word_1_183' title='bbox 1468 2353 1866 2406; x_wconf 89' lang='lat' dir='ltr'>Posoniensem</span> <span class='ocrx_word' id='word_1_184' title='bbox 1891 2358 1941 2424; x_wconf 80' lang='grc'>2)</span> <span class='ocrx_word' id='word_1_185' title='bbox 1994 2372 2065 2406; x_wconf 77' lang='lat' dir='ltr'>ex</span> 
     </span>
     <span class='ocr_line' id='line_1_26' title="bbox 125 2438 2063 2494; baseline -0.001 0"><span class='ocrx_word' id='word_1_186' title='bbox 125 2450 317 2494; x_wconf 86' lang='lat' dir='ltr'>nostro</span> <span class='ocrx_word' id='word_1_187' title='bbox 365 2440 633 2492; x_wconf 89' lang='lat' dir='ltr'>Mandato</span> <span class='ocrx_word' id='word_1_188' title='bbox 686 2438 892 2491; x_wconf 84' lang='lat' dir='ltr'>saetam</span> <span class='ocrx_word' id='word_1_189' title='bbox 929 2456 1146 2491; x_wconf 85' lang='lat' dir='ltr'>vacuae</span> <span class='ocrx_word' id='word_1_190' title='bbox 1196 2440 1415 2492; x_wconf 92' lang='lat' dir='ltr'>omnino</span> <span class='ocrx_word' id='word_1_191' title='bbox 1465 2444 1765 2493; x_wconf 85' lang='lat' dir='ltr'>seeundum</span> <span class='ocrx_word' id='word_1_192' title='bbox 1815 2450 2063 2493; x_wconf 87' lang='lat' dir='ltr'>tenorem</span> 
     </span>
     <span class='ocr_line' id='line_1_27' title="bbox 126 2527 2062 2600; baseline 0 -19"><span class='ocrx_word' id='word_1_193' title='bbox 126 2528 411 2581; x_wconf 85' lang='lat' dir='ltr'>literarum</span> <span class='ocrx_word' id='word_1_194' title='bbox 451 2528 753 2596; x_wconf 80' lang='lat' dir='ltr'>patentium</span> <span class='ocrx_word' id='word_1_195' title='bbox 791 2527 968 2595; x_wconf 89' lang='lat' dir='ltr'>ipsius</span> <span class='ocrx_word' id='word_1_196' title='bbox 1006 2527 1241 2579; x_wconf 90' lang='lat' dir='ltr'>Dionisii</span> <span class='ocrx_word' id='word_1_197' title='bbox 1288 2527 1517 2581; x_wconf 89' lang='lat' dir='ltr'>Comitis</span> <span class='ocrx_word' id='word_1_198' title='bbox 1563 2539 1754 2583; x_wconf 85' lang='lat' dir='ltr'>nostro</span> <span class='ocrx_word' id='word_1_199' title='bbox 1804 2531 2062 2600; x_wconf 79' lang='lat' dir='ltr'>dignare-</span> 
     </span>
     <span class='ocr_line' id='line_1_28' title="bbox 127 2614 2062 2686; baseline 0.001 -19"><span class='ocrx_word' id='word_1_200' title='bbox 127 2634 248 2667; x_wconf 88' lang='lat' dir='ltr'>mur</span> <span class='ocrx_word' id='word_1_201' title='bbox 285 2616 578 2686; x_wconf 88' lang='lat' dir='ltr'>privilegio</span> <span class='ocrx_word' id='word_1_202' title='bbox 619 2614 968 2667; x_wconf 87' lang='lat' dir='ltr'>confirmare.</span> <span class='ocrx_word' id='word_1_203' title='bbox 1010 2614 1258 2674; x_wconf 82' lang='lat' dir='ltr'>Quarum</span> <span class='ocrx_word' id='word_1_204' title='bbox 1296 2617 1564 2685; x_wconf 84' lang='lat' dir='ltr'>siquidem</span> <span class='ocrx_word' id='word_1_205' title='bbox 1603 2617 1890 2668; x_wconf 88' lang='lat' dir='ltr'>literarum</span> <span class='ocrx_word' id='word_1_206' title='bbox 1928 2616 2062 2668; x_wconf 88' lang='lat' dir='ltr'>Dio-</span> 
     </span>
     <span class='ocr_line' id='line_1_29' title="bbox 125 2701 2064 2757; baseline -0.001 -1"><span class='ocrx_word' id='word_1_207' title='bbox 125 2704 246 2757; x_wconf 87' lang='lat' dir='ltr'>nisii</span> <span class='ocrx_word' id='word_1_208' title='bbox 287 2703 517 2756; x_wconf 85' lang='lat' dir='ltr'>Comitis</span> <span class='ocrx_word' id='word_1_209' title='bbox 556 2712 716 2756; x_wconf 92' lang='lat' dir='ltr'>tenor</span> <span class='ocrx_word' id='word_1_210' title='bbox 767 2702 895 2755; x_wconf 90' lang='lat' dir='ltr'>talis</span> <span class='ocrx_word' id='word_1_211' title='bbox 936 2714 1038 2755; x_wconf 88' lang='lat' dir='ltr'>est.</span> <span class='ocrx_word' id='word_1_212' title='bbox 1105 2703 1389 2755; x_wconf 90' lang='lat' dir='ltr'>Dionisius</span> <span class='ocrx_word' id='word_1_213' title='bbox 1429 2703 1717 2756; x_wconf 89' lang='lat' dir='ltr'>Palatinus</span> <span class='ocrx_word' id='word_1_214' title='bbox 1764 2712 1817 2755; x_wconf 87' lang='lat' dir='ltr'>et</span> <span class='ocrx_word' id='word_1_215' title='bbox 1860 2701 2064 2755; x_wconf 84' lang='lat' dir='ltr'>Comes</span> 
     </span>
     <span class='ocr_line' id='line_1_30' title="bbox 126 2790 2063 2860; baseline 0 -18"><span class='ocrx_word' id='word_1_216' title='bbox 126 2791 502 2844; x_wconf 79' lang='lat' dir='ltr'>posoniensis.</span> <span class='ocrx_word' id='word_1_217' title='bbox 544 2790 811 2843; x_wconf 87' lang='lat' dir='ltr'>Omnibus</span> <span class='ocrx_word' id='word_1_218' title='bbox 850 2799 1179 2859; x_wconf 89' lang='lat' dir='ltr'>praesentes</span> <span class='ocrx_word' id='word_1_219' title='bbox 1219 2791 1413 2844; x_wconf 87' lang='lat' dir='ltr'>literas</span> <span class='ocrx_word' id='word_1_220' title='bbox 1452 2793 1788 2860; x_wconf 84' lang='lat' dir='ltr'>inspecturis</span> <span class='ocrx_word' id='word_1_221' title='bbox 1828 2791 2063 2844; x_wconf 86' lang='lat' dir='ltr'>salutem</span> 
     </span>
     <span class='ocr_line' id='line_1_31' title="bbox 124 2877 2061 2932; baseline 0 -2"><span class='ocrx_word' id='word_1_222' title='bbox 124 2879 176 2930; x_wconf 92' lang='lat' dir='ltr'>in</span> <span class='ocrx_word' id='word_1_223' title='bbox 218 2879 456 2931; x_wconf 89' lang='lat' dir='ltr'>omnium</span> <span class='ocrx_word' id='word_1_224' title='bbox 495 2877 798 2931; x_wconf 84' lang='lat' dir='ltr'>salvatore.</span> <span class='ocrx_word' id='word_1_225' title='bbox 838 2877 925 2930; x_wconf 92' lang='lat' dir='ltr'>Ad</span> <span class='ocrx_word' id='word_1_226' title='bbox 964 2879 1348 2931; x_wconf 87' lang='lat' dir='ltr'>universorum</span> <span class='ocrx_word' id='word_1_227' title='bbox 1388 2880 1636 2932; x_wconf 83' lang='lat' dir='ltr'>notitiam</span> <span class='ocrx_word' id='word_1_228' title='bbox 1676 2879 1873 2932; x_wconf 89' lang='lat' dir='ltr'>harum</span> <span class='ocrx_word' id='word_1_229' title='bbox 1915 2879 2061 2931; x_wconf 83' lang='lat' dir='ltr'>serie</span> 
     </span>
     <span class='ocr_line' id='line_1_32' title="bbox 125 2965 2062 3039; baseline 0.001 -22"><span class='ocrx_word' id='word_1_230' title='bbox 125 2965 380 3017; x_wconf 89' lang='lat' dir='ltr'>volumus</span> <span class='ocrx_word' id='word_1_231' title='bbox 430 2966 751 3033; x_wconf 81' lang='lat' dir='ltr'>pervenire,</span> <span class='ocrx_word' id='word_1_232' title='bbox 805 2968 951 3035; x_wconf 93' lang='lat' dir='ltr'>quod</span> <span class='ocrx_word' id='word_1_233' title='bbox 992 2984 1117 3018; x_wconf 87' lang='lat' dir='ltr'>oum</span> <span class='ocrx_word' id='word_1_234' title='bbox 1157 2966 1413 3018; x_wconf 89' lang='lat' dir='ltr'>Ethuruh</span> <span class='ocrx_word' id='word_1_235' title='bbox 1452 2967 1692 3039; x_wconf 86' lang='lat' dir='ltr'>Jobagio</span> <span class='ocrx_word' id='word_1_236' title='bbox 1734 2967 1918 3020; x_wconf 83' lang='lat' dir='ltr'>Castri</span> <span class='ocrx_word' id='word_1_237' title='bbox 1957 2968 2062 3019; x_wconf 86' lang='lat' dir='ltr'>Po-</span> 
     </span>
     <span class='ocr_line' id='line_1_33' title="bbox 124 3052 2061 3122; baseline -0.001 -18"><span class='ocrx_word' id='word_1_238' title='bbox 124 3052 399 3104; x_wconf 89' lang='lat' dir='ltr'>soniensis</span> <span class='ocrx_word' id='word_1_239' title='bbox 449 3069 560 3104; x_wconf 91' lang='lat' dir='ltr'>una</span> <span class='ocrx_word' id='word_1_240' title='bbox 598 3069 722 3104; x_wconf 84' lang='lat' dir='ltr'>cum</span> <span class='ocrx_word' id='word_1_241' title='bbox 762 3052 891 3104; x_wconf 89' lang='lat' dir='ltr'>filiis</span> <span class='ocrx_word' id='word_1_242' title='bbox 940 3054 1057 3106; x_wconf 91' lang='lat' dir='ltr'>suis</span> <span class='ocrx_word' id='word_1_243' title='bbox 1095 3054 1256 3106; x_wconf 92' lang='lat' dir='ltr'>nobis</span> <span class='ocrx_word' id='word_1_244' title='bbox 1301 3055 1528 3122; x_wconf 90' lang='lat' dir='ltr'>saepius</span> <span class='ocrx_word' id='word_1_245' title='bbox 1579 3054 1777 3106; x_wconf 87' lang='lat' dir='ltr'>fuisset</span> <span class='ocrx_word' id='word_1_246' title='bbox 1824 3071 2061 3122; x_wconf 86' lang='lat' dir='ltr'>conque-</span> 
     </span>
     <span class='ocr_line' id='line_1_34' title="bbox 126 3127 2061 3211; baseline 0 -20"><span class='ocrx_word' id='word_1_247' title='bbox 126 3149 270 3203; x_wconf 63' lang='lat' dir='ltr'>stus9</span> <span class='ocrx_word' id='word_1_248' title='bbox 310 3140 454 3210; x_wconf 88' lang='lat' dir='ltr'>quod</span> <span class='ocrx_word' id='word_1_249' title='bbox 495 3147 645 3191; x_wconf 89' lang='lat' dir='ltr'>terra</span> <span class='ocrx_word' id='word_1_250' title='bbox 680 3140 799 3209; x_wconf 88' lang='lat' dir='ltr'>ejus</span> <span class='ocrx_word' id='word_1_251' title='bbox 839 3157 942 3208; x_wconf 87' lang='lat' dir='ltr'>per</span> <span class='ocrx_word' id='word_1_252' title='bbox 963 3141 1374 3194; x_wconf 87' lang='lat' dir='ltr'>inundationem</span> <span class='ocrx_word' id='word_1_253' title='bbox 1409 3127 1680 3211; x_wconf 64' lang='lat' dir='ltr'>aquarum</span> <span class='ocrx_word' id='word_1_254' title='bbox 1711 3141 1909 3193; x_wconf 81' lang='lat' dir='ltr'>fuisset</span> <span class='ocrx_word' id='word_1_255' title='bbox 1934 3157 2061 3191; x_wconf 81' lang='lat' dir='ltr'>oeu-</span> 
     </span>
    </p>
   </div>
   <div class='ocr_carea' id='block_1_3' title="bbox 132 3277 322 3284">
    <p class='ocr_par' dir='ltr' id='par_1_3' title="bbox 132 3277 322 3284">
     <span class='ocr_line' id='line_1_35' title="bbox 132 3277 322 3284; baseline 0 0"><span class='ocrx_word' id='word_1_256' title='bbox 132 3277 322 3284; x_wconf 95' lang='lat' dir='ltr'> </span> 
     </span>
    </p>
   </div>
   <div class='ocr_carea' id='block_1_4' title="bbox 327 3277 560 3285">
    <p class='ocr_par' dir='ltr' id='par_1_4' title="bbox 327 3277 560 3285">
     <span class='ocr_line' id='line_1_36' title="bbox 327 3277 560 3285; baseline 0 0"><span class='ocrx_word' id='word_1_257' title='bbox 327 3277 560 3285; x_wconf 95' lang='lat' dir='ltr'> </span> 
     </span>
    </p>
   </div>
   <div class='ocr_carea' id='block_1_5' title="bbox 126 3336 2060 3539">
    <p class='ocr_par' dir='ltr' id='par_1_5' title="bbox 126 3336 2060 3539">
     <span class='ocr_line' id='line_1_37' title="bbox 276 3336 2060 3410; baseline 0.001 -18"><span class='ocrx_word' id='word_1_258' title='bbox 276 3347 320 3407; x_wconf 78' lang='grc'>2)</span> <span class='ocrx_word' id='word_1_259' title='bbox 363 3348 631 3394; x_wconf 80' lang='lat' dir='ltr'>particulam</span> <span class='ocrx_word' id='word_1_260' title='bbox 660 3350 887 3409; x_wconf 84' lang='lat' dir='ltr'>quondam</span> <span class='ocrx_word' id='word_1_261' title='bbox 916 3350 971 3395; x_wconf 84' lang='lat' dir='ltr'>ad</span> <span class='ocrx_word' id='word_1_262' title='bbox 998 3365 1039 3396; x_wconf 85' lang='lat' dir='ltr'>a.</span> <span class='ocrx_word' id='word_1_263' title='bbox 1073 3346 1214 3396; x_wconf 72' lang='lat'><strong>1248</strong></span> <span class='ocrx_word' id='word_1_264' title='bbox 1242 3336 1380 3397; x_wconf 79' lang='lat' dir='ltr'>referi</span> <span class='ocrx_word' id='word_1_265' title='bbox 1417 3366 1520 3397; x_wconf 85' lang='lat' dir='ltr'>mox</span> <span class='ocrx_word' id='word_1_266' title='bbox 1559 3349 1746 3410; x_wconf 83' lang='lat' dir='ltr'>patebit.</span> <span class='ocrx_word' id='word_1_267' title='bbox 1789 3350 1869 3394; x_wconf 87' lang='lat' dir='ltr'>Est</span> <span class='ocrx_word' id='word_1_268' title='bbox 1908 3350 2060 3408; x_wconf 78' lang='lat' dir='ltr'>itaque</span> 
     </span>
     <span class='ocr_line' id='line_1_38' title="bbox 127 3420 2059 3483; baseline 0.002 -20"><span class='ocrx_word' id='word_1_269' title='bbox 127 3421 261 3464; x_wconf 82' lang='lat' dir='ltr'>seriei</span> <span class='ocrx_word' id='word_1_270' title='bbox 290 3420 594 3466; x_wconf 85' lang='lat' dir='ltr'>Palatinorum</span> <span class='ocrx_word' id='word_1_271' title='bbox 631 3436 715 3481; x_wconf 88' lang='lat' dir='ltr'>per</span> <span class='ocrx_word' id='word_1_272' title='bbox 755 3423 944 3483; x_wconf 82' lang='lat' dir='ltr'>Prayum</span> <span class='ocrx_word' id='word_1_273' title='bbox 973 3423 1242 3477; x_wconf 82' lang='lat' dir='ltr'>adornatae,</span> <span class='ocrx_word' id='word_1_274' title='bbox 1287 3424 1528 3483; x_wconf 83' lang='lat' dir='ltr'>editaeque</span> <span class='ocrx_word' id='word_1_275' title='bbox 1564 3436 1712 3483; x_wconf 85' lang='lat' dir='ltr'>nuper</span> <span class='ocrx_word' id='word_1_276' title='bbox 1738 3423 1977 3483; x_wconf 84' lang='lat' dir='ltr'>Dyonisius</span> <span class='ocrx_word' id='word_1_277' title='bbox 2006 3422 2059 3467; x_wconf 84' lang='lat' dir='ltr'>ad</span> 
     </span>
     <span class='ocr_line' id='line_1_39' title="bbox 126 3487 655 3539; baseline 0.006 -3"><span class='ocrx_word' id='word_1_278' title='bbox 126 3507 165 3536; x_wconf 80' lang='lat' dir='ltr'>a.</span> <span class='ocrx_word' id='word_1_279' title='bbox 200 3487 341 3538; x_wconf 75' lang='lat'>1248</span> <span class='ocrx_word' id='word_1_280' title='bbox 369 3493 655 3539; x_wconf 57' lang='lat' dir='ltr'>inserendus</span> 
     </span>
    </p>
   </div>
  </div>
 </body>
</html>
