2358 3874
1936 200 2105 255 XLlll

172 339 347 393 nostri
385 337 620 408 gratiosi
659 337 935 405 quomodo
975 337 1468 405 possessiones
1506 335 1782 405 regales
1814 336 1856 402 ι)
1888 333 2105 398 Bodak,

171 413 326 490 Seul,
366 425 547 488 Baka,
585 423 924 487 Zilasluche,
946 423 1300 486 Beketfalva,
1322 422 1629 476 Posafalva
1650 452 1715 459 —
1743 451 1809 457 —
1834 419 2105 483 Chandal,

169 512 507 582 nyedemes
547 519 602 563 et
643 542 706 550 —
753 542 819 550 -—
870 520 1114 565 castrum
1173 527 1334 562 suum
1389 502 1728 562 Posoniense
1783 516 2105 576 spectantes

166 600 415 670 legitima
454 598 893 652 reambulatione
933 607 989 650 et
1026 600 1096 651 ab
1137 598 1370 651 aliorum
1401 597 1800 668 juribus-u—
1832 603 2105 646 metarum

166 686 444 738 erectione
484 686 776 753 plurimum
814 686 1128 755 indigerent
1173 716 1239 723 -—
1271 716 1341 723 —-
1382 693 1628 738 vestrum
1667 682 1895 734 mittatis
1932 681 2104 734 homi-

162 790 288 826 nem
309 804 374 812 --
400 804 464 811 —-
490 790 599 842 quo
639 781 938 840 praesente
980 772 1252 824 Strenuus
1291 773 1376 825 vir
1409 771 1729 839 Stephanus
1762 773 1829 822 de
1861 769 2102 840 Rozgon

165 859 368 916 Comes
408 860 772 911 Posoniensis
818 867 872 910 et
910 859 1189 929 Magister
1233 890 1296 896 -
1344 891 1409 898 —
1454 858 1876 911 protonotarius
1914 865 2106 909 noster

162 950 230 1001 de
270 946 439 999 Curia
477 946 662 1017 Regia
702 977 769 984 -—
813 977 879 984 -
921 949 1245 1016 peragenda
1285 947 1606 1015 specialiter
1645 946 1904 998 destinati
1950 976 2008 983 -
2033 975 2096 983 —

161 1035 435 1105 regalium
505 1034 827 1086 convocatis
887 1036 1229 1087 cometaneis
1289 1043 1343 1088 et
1400 1035 1593 1087 vicinis
1650 1035 1767 1086 suis
1824 1033 2104 1086 universis

161 1124 478 1175 accedendo
515 1121 864 1174 'reambulent
904 1153 968 1159 —
1011 1151 1082 1159 —-
1122 1138 1226 1190 per
1265 1138 1401 1174 suas
1441 1138 1611 1174 veras
1650 1129 1830 1172 metas
1871 1128 1926 1172 et
1964 1120 2102 1173 anti-

160 1227 300 1279 quas
355 1240 422 1246 -—
477 1209 965 1278 reambulatasque
1020 1218 1075 1261 et
1130 1211 1201 1261 ab
1261 1209 1496 1262 aliorum
1536 1209 1991 1277 possessionibus
2034 1238 2099 1246 —-

160 1297 448 1352 distinctas
486 1296 822 1366 relinquant,
864 1296 1275 1366 Serenitatique
1313 1297 1492 1365 ipsius
1518 1296 1738 1355 Domini
1777 1296 1953 1348 nostri
1990 1295 2102 1349 Re-

159 1384 250 1454 gis
287 1384 342 1436 in
382 1392 717 1452 perpetuum
756 1383 1130 1452 possidendas
1173 1414 1236 1420 -—
1288 1414 1352 1421 —-
1412 1384 1842 1447 contradictum,
1883 1391 2101 1435 contras

160 1471 404 1527 dictores
444 1488 580 1524 vero
602 1509 618 1535 ,
658 1472 706 1523 si
747 1471 839 1540 qui
879 1470 1083 1523 fuerint
1125 1502 1190 1509 —-
1234 1501 1300 1508 ——
1345 1473 1415 1524 ad
1456 1472 1747 1523 terminum
1786 1479 2102 1539 competenq

156 1568 267 1611 tem
307 1589 372 1597 —-
420 1589 486 1598 --
530 1576 722 1611 eorum
758 1559 1091 1610 reddituros.
1163 1559 1235 1610 Et
1276 1559 1520 1627 posthac
1571 1560 1746 1627 ipsius
1786 1558 2100 1630 possessio*

155 1647 352 1705 nariae
391 1646 845 1703 reambulationis
884 1654 939 1698 et
976 1656 1245 1698 metarum
1288 1677 1354 1684 —
1401 1677 1466 1683 —-
1514 1655 1784 1698 metarum
1823 1645 1954 1698 inibi
1995 1644 2099 1705 eri2

157 1736 466 1805 gendarum
507 1764 572 1773 —-
595 1765 659 1771 -
701 1735 861 1787 nobis
901 1734 1266 1789 amicabiliter
1303 1733 1626 1786 rescribatis
1649 1764 1713 1770 --
1738 1763 1805 1770 —-
1849 1731 2100 1784 Sabatho

157 1821 412 1890 proximo
452 1829 580 1874 ante
618 1820 821 1878 festum
860 1823 914 1874 b.
954 1821 1214 1873 Andreae
1247 1820 1507 1889 Apostoli
1549 1838 1694 1873 anno
1732 1819 1954 1872 Domini
1976 1818 2102 1879 Mil:

155 1908 351 1961 lesimo
391 1910 938 1980 quadringentesimo
978 1910 1251 1979 vigesimo
1291 1911 1558 1961 secundo.
1629 1908 1820 1977 Itaque
1858 1925 1962 1960 nos
1985 1896 2098 1975 *pee

155 1995 437 2048 titionibus
476 2027 542 2034 —
585 1997 807 2050 Domini
846 1996 1103 2049 Palatini
1147 2028 1213 2034 —
1271 1995 1562 2064 Stephano
1602 1996 1842 2066 Rozgon
1884 1994 2099 2049 Comite

156 2112 224 2120 --
260 2113 325 2120 —-
352 2083 782 2137 Prothonotario
823 2083 1118 2136 Palatinali
1159 2083 1413 2159 adphaec
1452 2083 1780 2154 specialiter
1818 2083 2098 2151 deputatis

156 2169 490 2240 Magistrum
530 2171 726 2240 Elyam
768 2203 833 2209 —
895 2173 967 2224 ad
1025 2161 1341 2240 praemisSa
1397 2188 1500 2222 suo
1557 2173 1722 2223 modo
1771 2172 2100 2240 peragenda

156 2267 351 2309 nostro
391 2288 460 2295 —
506 2289 571 2296 -—
616 2260 1000 2310 destinandum
1040 2289 1106 2295 —
1168 2258 1385 2310 reversi
1423 2258 1582 2310 nobis
1622 2258 1974 2310 concorditer
2011 2275 2096 2309 re-

155 2344 399 2396 tulerunt
438 2376 506 2382 —
538 2376 606 2382 —
641 2348 885 2398 secundo
927 2346 1013 2398 die
1052 2344 1182 2397 festi
1223 2343 1670 2405 Circumcisionis
1709 2345 1931 2400 Domini
1970 2361 2099 2416 pro-

154 2432 299 2484 xime
338 2433 628 2500 praeteriti
668 2442 722 2484 et
760 2433 1010 2501 pluribus
1051 2433 1244 2485 diebus
1283 2434 1353 2484 ad
1404 2433 1459 2484 id
1498 2433 1644 2502 aptis
1687 2463 1749 2469 —-
1794 2464 1866 2469 -—
1908 2433 1978 2483 ad
2018 2430 2098 2483 fa-

156 2519 296 2571 ciem
336 2520 515 2571 dictae
556 2521 935 2587 possessionis
973 2520 1183 2590 regalis
1224 2519 1542 2572 Zilasluche
1583 2551 1650 2557 ——
1683 2522 1732 2589 2)
1773 2519 2100 2572 convocatis

159 2635 220 2643 -—-
248 2636 320 2642 —--
362 2606 478 2657 suis
521 2608 895 2659 accessissent
934 2610 1275 2676 eandemque
1317 2608 1707 2675 praesentibus
1748 2607 1937 2658 Blasio
1986 2605 2098 2658 filio

164 2722 228 2729 -—
274 2694 342 2753 de
381 2692 554 2751 Etreh
592 2693 824 2746 Karcha
865 2703 920 2746 et
958 2694 1085 2746 aliis
1123 2694 1398 2747 nobilibus
1438 2696 1505 2746 de
1548 2697 1773 2758 eadem,
1814 2710 1954 2763 quas
1993 2695 2098 2751 sci-

153 2778 282 2831 licet
319 2781 713 2848 possessiones
754 2781 1072 2834 Zilasluche
1112 2781 1384 2852 regalem,
1424 2791 1478 2834 et
1515 2782 1691 2834 Etreh
1729 2781 1958 2833 Karcha
1988 2781 2099 2832 No-

155 2866 341 2920 bilium
382 2869 727 2928 abinvicem
766 2871 986 2939 quidam
1025 2869 1227 2922 fluvius
1266 2869 1451 2922 Barch
1490 2870 1709 2922 nomine
1760 2871 1831 2925 ab
1871 2868 2096 2949 antiquo

155 2954 525 3020 distinxisset,
575 2957 717 3009 idem
773 2959 938 3010 etiam
986 2957 1188 3011 fluvius
1227 2956 1414 3010 Barch
1451 2965 1603 3010 retro
1643 2972 1812 3025 sepes
1852 2963 2098 3015 ortorum,

165 3122 676 3130 -—-..„-—-———-.—½—·-.

311 3235 352 3295 ¹)
383 3236 631 3295 explicatur
677 3237 706 3284 l.
748 3237 822 3283 ΙΙΙ.
864 3238 890 3297 S
931 3234 1020 3288 84.

306 3322 352 3382 2)
381 3323 563 3368 Rectius
605 3324 886 3371 Szilosluche
932 3325 1066 3381 olim;
1115 3340 1216 3372 nam
1270 3326 1450 3372 Urbano
1490 3325 1698 3372 Pontifici
1743 3326 1974 3386 Agriensi‚
2022 3327 2098 3385 qui

156 3398 259 3450 hinc
300 3402 426 3441 ortus
455 3402 539 3451 est,
565 3395 657 3457 jam
683 3398 995 3460 Nagy-Luehe
1023 3399 1306 3446 scribebatur
1332 3414 1425 3447 see.
1454 3399 1540 3445 XV.
1583 3460 1586 3462 v
