2358 3874
1968 199 2089 255 201

1039 339 1082 414 ς
1127 342 1226 399 29.

167 493 369 543 Modus
401 489 808 540 habendorum
841 486 996 553 apud
1026 489 1346 553 Hungaros
1379 489 1780 539 Comitiorum
1827 486 1910 538 ad'
1934 482 2101 565 prins-

286 590 414 625 cum
462 573 974 638 Congregationis
1021 573 1487 623 Communitatis
1534 573 1737 623 orbem
1783 574 1987 623 rediit.

83 802 89 809 ,
334 730 509 808 Quod
539 731 688 794 Bela
718 734 827 793 1V.
859 730 1049 793 noluit
1078 730 1351 805 maxime,
1382 732 1814 818 repressitque,
1847 731 1982 794 dum
2015 732 2098 793 vi—

162 829 349 890 veret,
382 815 573 878 modis
606 815 899 891 omnibus,
931 838 1006 878 ne
1038 837 1137 878 res
1162 816 1549 878 Comitiorum
1582 815 1655 878 ad
1677 816 1938 903 priscam
1962 817 2099 878 Col-

51 912 54 916 ’
162 901 345 987 loquii
389 899 789 962 Comunitatis
831 898 1122 962 rationem
1175 914 1592 973 revocaretur3
1638 900 1751 963 hoc
1800 901 1874 962 ab
1933 900 2098 963 obitu

163 989 323 1071 ejuS,
357 984 607 1069 primum
648 984 846 1046 facere
884 984 1140 1070 populus
1186 984 1510 1069 occupavit.
1566 983 1669 1046 Ad
1719 985 2098 1069 inauguralia

163 1069 315 1133 enim
377 1067 669 1154 Stephani
722 1071 802 1130 V.
864 1067 1121 1130 Comitia
1177 1069 1430 1131 maximo
1464 1069 1770 1131 convenit
1828 1091 2094 1143 numere,

163 1151 536 1238 obtinuitque
566 1152 762 1229 facile,
796 1164 862 1214 ut
892 1151 1157 1215 Consilia
1190 1153 1366 1237 regni
1396 1152 1635 1239 publica
1663 1152 1724 1214 in
1756 1152 2097 1216 communi

161 1238 440 1322 deinceps
489 1237 1106 1322 Congregatione,
1155 1250 1215 1299 et
1253 1237 1748 1300 Conventione
1798 1237 2099 1299 omnium

160 1321 548 1398 Nobilium,
574 1321 1052 1384 Parliamento
1081 1322 1291 1406 regni
1322 1322 1627 1408 publico,
1661 1334 1720 1384 et
1745 1345 1896 1407 quae
1921 1321 2097 1406 hujus

161 1403 277 1467 alia
301 1418 478 1468 enata
512 1418 654 1468 sunt
680 1405 918 1467 nomina
946 1404 1303 1490 hujusmodi,
1339 1419 1682 1491 agerentur.
1709 1409 1846 1469 Lex
1868 1406 2096 1492 scripta

161 1489 347 1552 defuit
371 1487 592 1562 adhuc3
624 1488 773 1550 haec
796 1512 1030 1574 quoque
1061 1487 1134 1550 ad
1162 1491 1458 1552 cumulum
1490 1490 1892 1576 amplissimae
1922 1489 2099 1553 liber-

159 1574 304 1638 tatis
329 1572 607 1649 accessit‚
638 1596 759 1635 non
790 1572 927 1650 alio,
959 1577 1012 1635 si
1035 1595 1159 1636 rem
1177 1587 1584 1670 praesentem,
1610 1598 1730 1637 non
1749 1575 1934 1638 verba
1959 1597 2098 1637 con-

163 1658 421 1734 sidereS,
454 1658 672 1734 fructu,
707 1680 883 1742 quam
909 1670 976 1720 ut
998 1670 1226 1720 nostris
1256 1658 1372 1744 ipsi
1396 1658 1568 1721 malis
1597 1658 2098 1744 intelligeremus:

163 1765 337 1829 quam
368 1765 578 1828 parum
606 1741 879 1828 populari
912 1740 1049 1803 huic
1077 1764 1279 1804 rerum
1311 1744 1496 1806 statui
1536 1767 1667 1805 cum
1700 1743 2098 1830 appellatione

160 1850 270 1889 sua
312 1826 645 1890 conveniat.
701 1829 837 1888 Lex
873 1825 1062 1913 prima
1101 1833 1240 1907 (art.
1274 1835 1372 1889 31.
1408 1834 1602 1907 1291)
1641 1827 1712 1890 de
1744 1832 2099 1913 Congrega-

158 1911 419 1975 tionibus
455 1910 552 1973 his
593 1910 859 1973 decernit
910 1923 1028 1988 „ut
1067 1910 1126 1972 in
1168 1911 1432 1995 quolibet
1473 1935 1628 1975 anno
1668 1914 1853 1975 semel
1892 1935 2098 1975 omnes

158 1999 432 2060 Barones
466 2008 524 2058 et
553 1995 813 2065 Nobiles
843 1995 1125 2081 regni—
1149 1995 1408 2058 Albam
1439 1995 1512 2059 ad
1543 1998 2096 2082 Congregationem

160 2080 462 2145 debeant
514 2080 835 2143 convenire
872 2129 893 2145 ,.
942 2129 954 2142 .
1003 2128 1016 2141 .
1064 2078 1525 2161 (deliberantes)
1578 2080 1651 2145 de
1706 2094 1871 2144 statu
1919 2080 2096 2166 regni

161 2178 221 2230 et
250 2164 620 2262 inquirentes
653 2163 725 2227 de
755 2164 931 2227 factis
962 2167 1296 2242 Baronum,
1349 2166 1604 2251 qualiter
1647 2166 1896 2251 quilibet
1936 2166 2095 2252 ipso-

162 2272 295 2313 rum
323 2272 385 2311 ln
426 2249 555 2310 suis
587 2248 986 2311 Comitatibus
1018 2250 1453 2334 processerint,
1503 2262 1563 2314 et
1607 2249 2098 2314 conservaverint

151 2336 292 2419 jura
349 2333 588 2418 regni.“
626 2372 713 2381 -—
756 2333 974 2396 Altera
1027 2341 1165 2413 (art.
1214 2341 1314 2396 42.
1356 2342 1552 2414 1298)
1607 2336 1922 2398 constituit
1980 2346 2096 2411 „ut

158 2440 365 2480 omnes
397 2416 691 2494 Praelati,
740 2440 888 2502 quos
917 2418 1251 2503 legitimum
1290 2419 1770 2506 impedimentum
1801 2444 1919 2482 non
1950 2417 2097 2481 deti-

157 2502 382 2577 nuerit,
430 2524 542 2565 nec
588 2525 704 2563 non
754 2514 815 2564 et
862 2525 1067 2565 omnes
1107 2506 1380 2566 Barones
1420 2517 1479 2566 et
1507 2504 1768 2567 Nobiles
1806 2503 2091 2580 universi,

157 2586 230 2648 ad
280 2583 605 2671 quindenas
636 2585 692 2647 b.
725 2586 976 2671 Georgii
1009 2586 1068 2648 in
1100 2587 1255 2650 Rak
1272 2611 1350 2649 us
1371 2591 1551 2673 juxta
1581 2589 1924 2650 Danubium
1950 2612 2089 2650 con-

154 2672 357 2734 venire
405 2681 855 2733 teneantur.“
886 2674 1095 2756 Atque
1135 2671 1208 2733 ab
1250 2671 1361 2733 hac
1399 2684 1594 2735 aetate
1628 2674 1911 2736 Generali
1949 2672 2090 2735 huic

155 2753 549 2819 Conventioni
585 2754 916 2829 ,Nobilium
974 2756 1159 2852 vulgo
1218 2756 1461 2819 Rakos
1522 2756 1796 2820 adhaesit
1839 2781 2088 2826 nomen.

157 2839 312 2902 lllud
374 2838 563 2924 igitur
605 2839 864 2903 Joannis
921 2840 1271 2926 Cusplniani
1320 2841 1582 2904 auctoris
1639 2841 1712 2906 de
1750 2865 1870 2905 sec.
1909 2845 2086 2905 XVl.

155 2946 348 3009 „quae
383 2923 844 3009 Regnicolarum
891 2924 953 2985 in
984 2923 1156 2987 Buda
1194 2926 1607 3010 Congregatio
1654 2926 1847 3013 patria
1879 2926 2087 3011 lingua

40 3029 43 3030 ’
152 3006 405 3072 Rakusd
429 3008 811 3094 appellatur“
837 3031 980 3071 cave
1003 3009 1161 3071 ultra
1182 3008 1426 3073 citerius
1452 3010 1751 3074 dimidium
1776 3014 2086 3073 sec.XllI.

153 3090 470 3164 extendas3
520 3114 596 3154 ne
639 3115 902 3155 errorem
938 3117 1107 3156 erres
1137 3095 1393 3157 Joannis
1423 3095 1728 3180 Haugenii
1772 3094 2087 3179 scriptoris

152 3177 354 3239 itidem
385 3199 504 3238 sec.
525 3178 722 3250 XVI.‚
748 3177 846 3260 qui
878 3176 1159 3240 Chronici
1189 3178 1283 3240 sui
1316 3202 1440 3264 cap.
1463 3182 1705 3241 XXIV.
1732 3182 2085 3261 Hungaros,

153 3259 226 3324 ad
268 3259 678 3345 abrogandum
710 3262 895 3322 Petro
934 3283 1216 3345 regnum,
1249 3262 1455 3325 Rakos
1504 3261 1848 3325 celebrasse
1878 3271 1925 3342 1)
1964 3275 2084 3325 tra-

337 3475 377 3533 ι)
413 3472 651 3533 „Hielten
683 3473 761 3523 die
793 3473 989 3538 Ungarn
1021 3474 1099 3524 ein
1128 3474 1427 3526 Rakusch⁴‘.
