2280 3918
352 198 434 254 3⁰

354 357 477 412 eas»,
521 356 718 398 earum
764 329 903 396 item
939 330 1217 394 committi
1269 329 1511 393 arbitrio
1551 330 1968 416 aequissimum
2019 326 2241 393 videre-

353 433 470 483 tur.
513 418 611 482 Ad
642 417 750 480 has
788 413 1090 504 jaciendas
1131 416 1223 478 vel
1266 412 1579 490 ducendas,
1619 428 1927 502 utrumque
1968 417 2117 477 enim
2159 414 2242 476 fa-

352 504 562 567 miliari
601 502 770 567 nobis
811 499 1120 590 proverbio
1158 511 1342 577 teste,
1394 498 1546 585 apud
1590 500 1861 586 antiquos
1911 524 2023 563 usu
2062 499 2242 576 venit,

354 590 464 653 soli
505 589 674 652 modo
714 588 814 651 filii
851 585 1242 662 vocabantur,
1288 584 1516 671 aequali
1557 597 1753 648 cetera
1789 587 1958 684 jure,
2002 585 2107 649 sed
2144 584 2242 648 do-

355 699 485 738 mus
514 687 776 761 paterna,
813 670 1052 759 propria
1078 676 1502 757 Hungarorum
1539 671 1693 754 lege,
1724 671 1842 735 fiho
1863 670 2086 757 juniori
2118 693 2243 734 ces—

356 761 436 824 sit
466 767 527 836 ¹).

538 1006 578 1065 1)
610 1005 679 1054 lta
709 1005 872 1055 literae
913 1021 957 1056 a.
1006 1001 1190 1056 1231:
1234 1013 1405 1066 „terra
1444 1003 1718 1053 communis
1760 1001 1849 1051 erit
1879 1000 2106 1050 omnibus
2135 999 2245 1050 filiis

359 1090 497 1151 meiS‚
532 1090 641 1154 quia
670 1090 808 1140 locus
840 1097 915 1140 est
946 1090 1194 1156 specialis,
1229 1090 1358 1155 quod
1389 1089 1528 1153 vulgo
1560 1087 1735 1138 dicitur
1763 1086 2029 1151 Udvarhely
2067 1085 2261 1148 (curia‚·

360 1174 643 1243 allodium);
685 1176 769 1224 sed
809 1176 1022 1225 aedificia
1064 1183 1112 1224 et
1142 1184 1301 1224 cetera
1324 1173 1624 1234 necessaria,
1668 1188 1790 1238 quae
1830 1187 1978 1237 super
2022 1186 2077 1220 ea
2112 1178 2243 1230 sunt,

361 1268 415 1308 ut
458 1275 583 1308 mos
638 1268 731 1309 est
776 1260 829 1309 in
876 1260 1178 1325 Hungaria
1220 1260 1387 1325 junior
1423 1258 1682 1308 hahebit“.
1735 1258 1791 1307 C.
1824 1257 1880 1308 D.
1915 1257 1990 1306 IV.
2023 1272 2072 1321 p.
2108 1253 2246 1306 227.

362 1344 479 1394 Tam
511 1344 762 1409 antiquum
795 1353 895 1406 est,
930 1345 1320 1410 quodVerbdcz.
1354 1344 1406 1394 P.
1441 1344 1477 1394 Ι.
1515 1344 1585 1393 tit.
1621 1337 1696 1393 [ιθ
1730 1348 1759 1402 §
1791 1340 1825 1392 2
1857 1341 2018 1392 tradit.

1234 1539 1373 1616 §a

831 1694 990 1743 Arma
1034 1692 1168 1742 item
1215 1698 1270 1740 et
1314 1691 1447 1755 equi
1492 1690 1788 1754 gregales:

529 1855 699 1915 More
728 1855 1150 1938 Hungarorum
1192 1848 1599 1936 antiquissimo
1631 1872 1792 1912 arma
1820 1847 2121 1926 militaria,
2151 1871 2254 1912 ne-

364 1960 476 2022 que
517 1936 661 2000 haec
697 1938 909 2013 solum,
957 1961 1158 2001 verum
1200 1935 1333 2021 equi
1374 1935 1657 2020 gregales
1709 1957 1938 2021 quoque
1989 1934 2063 1998 ad
2094 1934 2255 1998 solos

364 2022 543 2098 filios,
593 2035 693 2086 aut
734 2023 786 2084 si
834 2021 893 2084 hi
940 2022 1244 2099 deessent,
1291 2020 1524 2083 filiabus
1578 2019 1866 2097 exclusiS‚
1911 2019 1983 2083 ad
2038 2019 2256 2083 fratres

364 2107 662 2194 proximos
692 2120 1086 2195 pervenerunt
1121 2114 1182 2187 1).

545 2296 585 2354 l)
615 2293 747 2343 Idem
780 2293 817 2342 Ι.
850 2293 924 2343 tit.
963 2290 1098 2343 101.
1130 2298 1159 2353 δ
1187 2289 1240 2343 3.
1277 2293 1513 2351 Quantula
1545 2292 1718 2342 horum
1749 2308 1863 2357 pars
1895 2298 1969 2341 est
1999 2306 2054 2341 ea
2086 2291 2257 2357 supel-

366 2380 465 2438 leX‚
509 2379 567 2428 de
599 2394 691 2444 qua
723 2378 798 2427 lex
829 2378 982 2428 Salica
1019 2378 1093 2428 tit.
1125 2378 1201 2428 v1.
1234 2385 1325 2428 art.
1362 2375 1435 2427 5.:
1481 2379 1585 2437 „ad
1617 2392 1955 2442 quemcunque
1985 2376 2257 2427 haereditas

366 2472 520 2514 terrae
551 2463 839 2529 pervenerit,
874 2463 931 2513 ad
962 2464 1095 2514 illum
1127 2464 1272 2513 vestis
1301 2463 1468 2513 bellica
1502 2470 1582 2513 aut
1611 2463 1759 2512 lorica
1791 2462 1933 2512 debet
1951 2463 2253 2526 pertinere“.

1215 2644 1256 2720 g
1304 2646 1402 2702 ιο.

578 2796 653 2846 De
684 2795 932 2846 filiabus
962 2813 1066 2861 pro
1099 2796 1392 2861 dignitate
1424 2795 1705 2845 natalium
1737 2794 2042 2844 dotandiS.

535 2955 805 3018 Moribus
855 2954 1279 3042 antiquissimis
1318 2954 1525 3018 nititur
1570 2954 1742 3018 etiam
1784 2953 2145 3017 consuetudo
2189 2951 2258 3016 de

368 3039 601 3103 filiabus
630 3063 737 3126 pro
768 3039 935 3103 modo
966 3041 1306 3104 facultatum
1338 3052 1664 3128 parentum,
1698 3051 1755 3102 et
1780 3039 2068 3126 dignitate
2097 3051 2257 3102 nata-

368 3126 538 3203 lium,
579 3148 843 3212 congruo
873 3149 1068 3189 rerum
1111 3125 1183 3189 ad
1225 3127 1440 3189 cultum
1483 3126 1863 3189 domesticum
1897 3124 2257 3189 necessaria-

367 3235 494 3273 rum
527 3224 809 3299 apparatu
840 3211 1183 3275 maritandis
1219 3220 1279 3291 ¹).
1329 3212 1629 3299 Propriam
1664 3211 1813 3273 hanc
1839 3216 2259 3298 Hungarorum

550 3401 588 3458 Ι)
620 3398 812 3464 Regest.
846 3399 1013 3449 Varad.
1059 3414 1192 3450 num.
1230 3394 1373 3452 142:
1409 3399 1559 3465 „Ego
1590 3399 1849 3449 Benedicta
1888 3412 2009 3448 uxor
2047 3395 2261 3459 Herczeg

373 3481 430 3528 dc
462 3498 636 3543 genere
667 3483 816 3534 Borsa
838 3485 1023 3535 duabus
1044 3485 1230 3536 filiabus
1260 3486 1381 3535 meis
1408 3515 1473 3521 -κ
1495 3485 1658 3549 juxta
1689 3484 1978 3535 natalium
2012 3494 2256 3531 suorum
