2358 3874
1990 234 2106 288 101

183 377 340 437 latus
372 372 724 446 nudaretur,
756 369 959 432 eadem
991 370 1065 432 ad
1095 369 1639 452 retinendum,lqua
1673 367 1801 452 ipse
1847 369 1919 429 ad
1946 369 2109 430 inva-

182 457 432 519 dendum
472 477 755 540 regnum,
788 467 917 516 arte
958 453 1159 517 utendi
1194 452 1618 515 necessitatem
1647 451 1945 536 imposuit.
1991 456 2109 513 lta—

181 564 292 625 que
345 539 555 602 deinde
594 539 814 600 factum
853 550 980 612 est,
1024 549 1088 599 ut
1124 548 1485 621 regnaretur
1514 559 1632 597 non
1673 548 1797 598 tam
1841 536 2110 620 legitima

180 623 407 710 imperii
447 623 533 699 vi,
583 645 759 707 quam
798 620 1239 706 largitionibus,
1276 642 1576 706 pravaque
1628 619 1853 680 sensim
1912 619 2109 704 opinio

178 709 591 781 invalesceret,
636 706 1016 792 praecipuum
1047 704 1107 766 id
1143 727 1281 766 esse
1324 708 1558 788 Regum
1595 703 1872 779 officium,
1933 716 1996 765 ut
2042 726 2108 765 se

182 795 432 854 Promos
474 791 652 852 nullis
694 789 1016 851 adstrictos
1057 788 1296 872 legibus
1334 800 1678 850 constanter
1716 787 2104 850 meminerint.

180 1049 264 1108 (ll.
300 1063 349 1111 p.
387 1042 532 1107 324)
565 1048 668 1107 scd,
705 1047 836 1111 quod
870 1047 1219 1110 providentiam
1253 1046 1362 1110 ejus
1395 1052 1617 1104 testatur,
1653 1046 1984 1093 conditionem
2019 1046 2109 1093 ad—

173 1131 316 1194 jecit,
366 1137 418 1180 ut
448 1139 668 1195 tempore
709 1131 1016 1179 necessitatis
1057 1146 1108 1180 se
1148 1131 1198 1179 iu
1238 1146 1292 1179 ea
1331 1130 1551 1194 recipere
1584 1129 1996 1192 Archiepiscopus
2032 1136 2106 1176 te*

179 1222 367 1264 ueatur.

1049 1322 1092 1396 ,ς
1137 1324 1234 1379 46.

181 1474 371 1534 Opera
421 1471 760 1520 innocentii
812 1472 895 1540 lll.
946 1472 1241 1520 modicum
1296 1488 1322 1519 a
1368 1469 1849 1520 belliscivilibus
1896 1469 2105 1526 otium,

279 1570 392 1617 quo
441 1553 755 1603 Emcricus
803 1555 872 1603 ad
917 1555 1304 1604 asserendam
1354 1554 1700 1619 Hungariae
1747 1553 2006 1601 Serviam

997 1654 1138 1688 usus
1185 1645 1289 1688 est

348 1799 441 1859 De
480 1796 900 1882 componendis
949 1796 1199 1858 fratrum
1262 1795 1527 1858 dissidiis
1575 1795 1961 1857 innocentius
1999 1799 2106 1855 ΙΙΙ.

177 1880 557 1942 adnitebatur
608 1879 875 1942 maxime.
932 1883 1196 1942 Fructus
1238 1880 1501 1942 modicae
1555 1879 1774 1963 quietis
1829 1892 1957 1941 erat
2004 1882 2109 1963 jus

177 1966 449 2027 Coronae
480 1963 834 2048 Hungariae
871 1963 930 2026 in
973 1964 1275 2037 Serviam‚
1330 1965 1553 2025 rectius
1587 1963 1911 2038 Serbliam,
1958 1986 2108 2046 quae

179 2047 238 2109 in
269 2047 712 2134 Diplomatibus
744 2048 921 2110 etiam
954 2051 1173 2110 Rascia
1207 2046 1439 2124 dicitur,
1475 2046 1915 2109 solemnissimo
1949 2047 2108 2108 affir-

179 2144 398 2194 matum
436 2144 830 2194 monumento.
876 2136 1016 2194 Jam
1053 2132 1272 2207 BeluS,
1313 2132 1462 2193 alias
1498 2133 1675 2208 Bela,
1719 2134 1889 2216 cujus
1935 2154 2109 2193 soror

179 2217 408 2278 Helena
436 2217 620 2278 Belac
659 2220 734 2277 ll.
773 2218 1061 2279 collocata
1090 2216 1303 2292 fuerat,
1337 2216 1624 2278 fratribus
1656 2216 1784 2277 suis
1817 2215 1878 2276 in
1892 2215 2109 2277 Servia

177 2312 237 2362 et
264 2312 437 2395 parte·
469 2301 731 2365 Bosniae
778 2324 978 2363 rerum
1022 2300 1121 2384 qui
1174 2301 1575 2386 potiebantur,
1619 2312 1830 2362 auctor
1857 2312 2007 2376 erat,
2045 2311 2109 2360 ut

177 2407 245 2445 se
276 2406 336 2444 1n
372 2384 702 2446 clientelam
742 2389 987 2468 Geyzae
1018 2389 1095 2447 11.
1134 2386 1324 2469 Regis
1362 2387 1717 2469 Hungariae
1752 2385 2107 2446 conferrent.

178 2470 311 2528 Hoc
363 2467 549 2543 sacto,
613 2491 745 2529 cum
788 2470 939 2531 alter
985 2469 1343 2554 abnepotum
1386 2472 1626 2531 Dessae
1676 2469 1908 2547 (fratris
1949 2471 2107 2553 ejus)

178 2551 518 2636 Stephanus
549 2551 821 2614 unionem
854 2576 985 2614 cum
1025 2553 1167 2614 sede
1198 2556 1465 2615 Romana
1499 2553 1801 2638 pollicitus
1845 2552 2111 2614 diadema

182 2634 255 2695 ab
319 2635 666 2697 innocentio
719 2640 826 2697 111.
885 2649 1194 2721 posceret,
1250 2637 1364 2699 hoc
1423 2639 1476 2697 ei
1530 2661 1646 2699 non
1699 2636 1875 2710 alias,
1934 2658 2109 2719 quam

178 2741 474 2781 consensu
522 2720 811 2795 Emerici,
867 2723 1115 2805 ejusque
1164 2720 1225 2780 in
1279 2721 1552 2782 Serviam
1589 2725 1731 2805 jure
1781 2719 2109 2782 clientelari

176 2803 378 2879 salvo,
423 2803 814 2888 promissum3
879 2804 1187 2889 Stephano
1243 2803 1453 2866 deinde
1505 2827 1612 2889 per
1659 2804 1930 2877 Vulkum
1991 2804 2106 2864 fra-

178 2898 364 2961 trem,
431 2887 687 2947 Emerici
743 2887 1006 2972 adjutum
1061 2887 1274 2962 armiS‚
1332 2888 1482 2950 solio
1530 2887 1810 2974 depulso,
1869 2889 2107 2950 Vulcus

180 2967 330 3030 idem
372 2993 478 3054 per
515 2971 848 3033 Emericum
886 2975 1017 3035 Rex
1057 2972 1452 3049 constitutuS,
1506 2974 1672 3034 salvo
1709 2973 1769 3033 in
1813 2985 2107 3058 tempora*

182 3052 335 3112 libus
373 3056 509 3136 jure
542 3056 893 3139 Hungariae
927 3056 1001 3117 ab
1037 3057 1385 3118 Innocentio
1431 3080 1710 3119 coronam
1754 3056 2107 3142 impetravit.

181 3140 464 3197 Summus
497 3140 766 3201 Emerico
803 3140 951 3224 Regi
989 3163 1118 3201 cum
1170 3142 1465 3203 Pontifice
1501 3140 1615 3203 hoc
1655 3163 1805 3202 usus
1844 3140 1983 3214 fuit,
2039 3138 2110 3199 de

182 3243 296 3303 quo
333 3219 486 3303 Regi
522 3221 658 3281 huic
690 3223 788 3306 qui
834 3223 1226 3308 exprobrant,
1258 3224 1318 3285 id
1351 3224 1475 3285 fere
1515 3236 1732 3308 agunt,
1780 3246 1849 3283 ac
1889 3222 1940 3282 si
1974 3246 2111 3283 con—

181 3304 524 3377 tenderent,
562 3307 900 3368 Emericum
944 3318 1069 3367 tum
1107 3306 1336 3367 demum
1380 3307 1735 3369 laudandum
1778 3307 1998 3381 fuisse,
2056 3306 2107 3366 si

182 3387 531 3449 Pontificem
597 3388 756 3449 illum
809 3389 1102 3474 justitiae*
1148 3412 1366 3451 causae
1437 3414 1583 3452 suae
1650 3390 2109 3476 auctoritatique

91 3509 101 3516 ·
180 3471 427 3554 legitimi
474 3472 703 3558 imperii
751 3473 1076 3549 faventem,
1129 3485 1188 3535 et
1237 3473 1375 3558 quin
1421 3477 1559 3559 jure
1596 3477 1893 3559 Majorum
1923 3479 2109 3538 Prae-
