2358 3874
295 232 416 287 124

1171 399 1212 473 g
1258 402 1357 456 22.

340 553 635 610 Quaedam
686 551 944 613 denique
990 564 1053 596 ex
1103 548 1341 596 ratione
1392 546 1800 613 praesentium
1853 554 2186 608 temporum

1046 631 1290 680 condita
1338 637 1496 680 sunt.

468 795 562 854 De
593 793 729 875 lege
759 789 970 851 Bullae
1002 811 1238 865 aureae,
1269 785 1497 850 denarii
1528 798 1594 848 ut
1626 786 1778 847 tales
1811 785 1934 847 sint
1955 833 1970 860 ‚
2020 785 2227 868 quales

295 877 536 937 fuerunt
585 887 850 959 tempore
880 875 1071 957 Regis
1122 873 1306 934 Belae
1343 878 1387 950 ι)
1433 871 1815 933 Collectanea
1858 890 2230 930 nummorum

295 958 581 1022 Andreae
607 958 872 1032 consule,
902 956 1289 1043 reperiesque
1318 956 1431 1018 hoc
1462 959 1631 1040 Rege
1664 954 1724 1014 in
1746 951 2068 1037 Hungaria
2093 974 2234 1036 quo-

275 1066 410 1127 que
451 1046 741 1128 jactatum
792 1064 929 1104 esse
970 1063 1270 1102 nummum
1314 1040 1431 1116 sic,
1479 1051 1547 1101 ut
1597 1061 1770 1101 nemo
1798 1049 2009 1123 posset
2059 1036 2234 1110 scire,

297 1125 432 1211 quid
484 1126 733 1189 haberet
763 1135 851 1205 2);
891 1138 1068 1209 atque
1098 1125 1278 1200 haec,
1314 1126 1485 1208 leges
1512 1124 1652 1186 item
1690 1122 1761 1184 de
1818 1119 2140 1183 ismaelitis
2177 1131 2236 1182 et

296 1213 342 1273 J
346 1210 550 1274 udaeis
582 1235 617 1272 a
646 1209 1116 1295 Magistratibus
1148 1208 1236 1271 rei
1268 1208 1555 1282 aerariae,
1588 1206 1970 1291 vectigalium
1997 1204 2235 1266 salium-

298 1318 411 1379 que
443 1294 717 1358 arcendis
739 1302 820 1372 3);
851 1292 922 1356 de
948 1292 1438 1379 possessionibus
1461 1304 1632 1353 extra
1663 1313 1916 1374 regnum
1950 1313 2066 1351 non
2100 1311 2236 1351 con-

297 1379 560 1441 ferendis
582 1427 598 1455 ‚
645 1379 900 1463 dataque
929 1378 1146 1464 populo
1177 1376 1353 1461 regni
1386 1376 1634 1439 collatas
1679 1374 2007 1437 redimendi
2052 1373 2236 1435 sacul-

296 1475 422 1526 tate
447 1470 526 1542 4);
582 1463 635 1525 si
685 1462 977 1549 hospiteS‚
1031 1461 1306 1524 videlicet
1359 1460 1497 1523 honi
1546 1459 1818 1522 homines
1856 1459 1916 1521 in
1962 1462 2237 1543 Regnum

485 1650 528 1707 1)
558 1648 660 1696 Art.
698 1643 797 1696 23.

479 1734 526 1790 2)
560 1731 663 1780 Cic.
700 1732 759 1779 de
793 1731 887 1780 Off.
923 1731 1007 1780 111.
1044 1730 1142 1780 20.

478 1816 526 1874 3)
557 1815 657 1863 Art.
695 1810 792 1864 24.

477 1901 526 1958 4)
557 1899 658 1948 Art.
679 1896 776 1948 26.
803 1899 1023 1948 Andreae
1047 1914 1138 1963 pro
1159 1899 1399 1948 axiomate
1418 1899 1523 1948 suit:
1547 1897 1913 1947 munificentiae
1945 1897 2122 1962 regalis
2139 1897 2241 1946 im-

302 1982 613 2031 mensitatem
645 1983 789 2032 etiam
823 1984 882 2032 ad
903 1990 1161 2032 extraneos
1191 1983 1351 2032 bonae
1383 1982 1682 2032 conditionis
1713 1981 2144 2046 fragrantia-longe
2163 1981 2240 2030 la·-

299 2073 464 2129 teque‚
499 2067 686 2116 dilatari
717 2066 913 2115 debere.
962 2067 1068 2116 Hoc
1113 2067 1192 2115 ille
1231 2068 1471 2116 axiomate
1511 2081 1656 2115 orsus
1701 2073 1778 2115 est
1814 2066 2008 2125 literaS‚
2060 2065 2239 2129 quibus

298 2149 530 2199 Abbatiae
562 2166 604 2199 s,
639 2151 812 2200 Crucis
843 2151 894 2199 in
925 2151 1146 2200 Austriae
1179 2151 1333 2215 (apud
1364 2151 1503 2200 Pecz.
1539 2151 1596 2199 C.
1631 2150 1690 2199 D.
1724 2150 1778 2198 P.
1814 2149 1875 2199 11.
1910 2165 1961 2214 p.
1999 2139 2103 2210 7'0)
2136 2157 2242 2198 ter-

301 2249 405 2282 ram
437 2234 710 2298 Leginthov
740 2235 864 2284 ultra
902 2235 1116 2284 vicinum
1165 2236 1208 2284 ei
1256 2251 1437 2284 novum
1469 2233 1723 2299 praedium
1766 2242 1815 2283 et
1858 2233 2044 2283 curiam
2091 2233 2240 2298 Regis

304 2317 630 2382 (Konigshof)
662 2335 716 2367 ac
749 2319 906 2368 villam
941 2319 1119 2368 dictam
1153 2319 1302 2368 Salun
1335 2319 1432 2368 sive
1463 2319 1673 2367 Winden
1704 2324 1754 2367 et
1784 2316 2247 2367 aliam‘Potersdorf

296 2400 434 2464 juxta
464 2402 624 2451 lacum
656 2403 803 2451 Ferte
834 2418 926 2466 per
954 2402 1166 2466 Majores
1198 2419 1316 2452 suos
1362 2404 1567 2451 donatas
1612 2402 1804 2451 confert
1833 2418 1878 2451 a.
1918 2399 2098 2451 1217.
2152 2402 2243 2451 At-

304 2500 398 2548 que
429 2485 545 2534 huic
578 2486 848 2550 opponitur
888 2486 1114 2535 axiomati
1162 2487 1238 2536 lex
1282 2487 1432 2536 haec:
1487 2487 1718 2536 Ceterum
1767 2502 1824 2535 ex
1856 2486 2055 2535 Tabulis
2102 2486 2239 2550 pacis

302 2568 432 2617 inter
460 2570 608 2619 Andr.
645 2577 692 2619 et
721 2571 874 2634 Leop.
909 2571 1095 2620 Ducem
1127 2571 1348 2620 Austriae
1379 2571 1526 2621 initae
1555 2571 1739 2630 videaS‚
1772 2570 1923 2619 Ducis
1953 2569 2103 2634 hujus
2143 2585 2242 2635 po-

303 2653 448 2715 pulos
478 2653 527 2702 in
560 2654 808 2718 Hungaria
839 2655 1016 2718 partim
1045 2655 1506 2705 Advocatiarum
1539 2670 1599 2704 ex
1629 2655 1894 2704 donatione
1914 2654 2238 2704 Dominorum

302 2742 481 2795 terrae,
514 2738 692 2802 partim
725 2739 1088 2802 occupationiS‚
1123 2740 1301 2803 partim
1332 2755 1391 2789 ex
1421 2739 1672 2804 privilegio
1692 2739 1839 2802 Regis
1870 2739 1945 2787 vel
1962 2738 2239 2787 Donatione

306 2819 355 2868 in
391 2821 610 2882 feudum,
645 2829 801 2871 terras
834 2823 1071 2884 tenuisse,
1105 2839 1131 2872 a
1164 2824 1342 2888 quibus
1373 2830 1428 2873 ut
1450 2823 1665 2872 decimas
1697 2827 1968 2886 praestent,
2006 2822 2083 2871 his
2114 2837 2242 2871 con-

304 2911 502 2953 ventum
533 2905 686 2954 literis
718 2907 823 2956 fuit.
872 2907 941 2956 Ad
973 2907 1226 2957 historiam
1266 2908 1388 2971 legis
1418 2906 1566 2970 hujus
1598 2906 1813 2970 pertinet
1853 2906 1999 2954 etiam
2040 2906 2239 2956 donatio

304 2986 429 3037 Lud.
457 2989 496 3037 1.
531 2990 637 3050 (IX.
677 3006 720 3038 v.
759 2988 813 3038 2.
848 3006 897 3054 p.
939 2988 1082 3051 151)
1116 3007 1211 3056 qua
1242 2991 1526 3040 Hermanno
1565 2991 1625 3039 de
1658 2990 1944 3039 Schwarcza
1976 2990 2238 3055 quemdam

305 3072 511 3121 fundum
544 3073 718 3122 Curiae
751 3089 838 3122 seu
869 3074 1063 3123 laneum
1096 3075 1339 3139 integrum
1381 3075 1430 3124 in
1462 3074 1612 3140 Rajka
1644 3074 1917 3137 (Comitatu
1949 3076 2009 3125 de
2039 3075 2239 3135 Moson)

298 3155 411 3219 jure
443 3163 682 3221 perpetuo
716 3158 924 3217 confert,
959 3159 1119 3207 dando
1153 3159 1309 3208 eidem
1336 3166 1383 3208 et
1406 3158 1700 3208 haeredibus
1724 3159 1783 3208 de
1807 3159 2061 3224 praedicto
2087 3159 2239 3208 fundo

306 3239 484 3289 Curiae
515 3256 603 3290 seu
634 3241 775 3290 laneo
808 3241 1185 3307 quibuscunque
1216 3243 1499 3307 regnicoliS‚
1534 3244 1621 3292 sed
1660 3259 1777 3293 non
1817 3243 2156 3301 extraneiS‚
2198 3243 2240 3292 si

305 3324 570 3384 voluerint,
610 3325 659 3373 in
693 3326 783 3375 vita
816 3333 865 3375 et
895 3327 945 3375 in
978 3334 1162 3386 morte,
1198 3328 1525 3392 qualicunque
1566 3328 1715 3377 modo
1754 3327 1999 3377 alienandi
2041 3327 2238 3391 plenam

308 3413 355 3454 et
384 3407 585 3457 liberam
617 3410 921 3470 facultatem,
972 3411 1035 3460 ita
1076 3418 1269 3473 tamen,
1326 3419 1380 3461 ut
1417 3412 1699 3476 praedictus
1730 3412 2043 3461 Hermannus
2082 3417 2131 3459 et
2163 3411 2239 3460 sui

308 3490 545 3540 haeredes
577 3500 660 3542 aut
690 3494 855 3553 etiam,
883 3494 1060 3558 quibus
1090 3496 1254 3559 ipsum
1275 3496 1478 3547 fundum
1511 3496 1796 3555 venderent,
1823 3493 2238 3559 quemadmodum
