2280 3918
306 183 384 240 16

302 321 484 383 tinam
527 318 1137 406 fluvium‘repressit‚
1184 324 1230 397 1)
1293 329 1352 380 et
1391 318 1542 379 fines
1580 310 2001 400 ‘Carantanoffi
2112 347 2220 387 uos

300 429 351 468 a.
386 413 548 469 1042
581 418 1006 490 transgressus
1041 401 1746 482 GodosredusMarchio,
1790 407 2045 471 Arnoldi
2070 345 2219 472 (isel-

302 492 499 555 sensis
531 491 719 568 filius,
765 489 1102 554 Samuelem
1141 489 1369 566 Abam,
1414 488 1560 551 inito
1598 489 1668 552 ad
1708 493 2017 555 Petoviam
2050 516 2218 580 prae-

300 578 377 641 lio
417 577 628 640 cedere
661 580 896 662 coegit,
936 581 986 654 2)
1031 599 1148 638 non
1183 586 1413 638 tantum
1450 574 1744 653 restituit,
1789 600 1991 641 verum
2030 603 2219 666 usque

299 663 373 727 ad
403 662 902 748 Hengstbergum
937 660 1198 748 protulit.
1227 667 1279 739 3)

441 853 482 911 ¹)
527 848 816 899 Kerchelich
857 849 916 898 de
947 849 1111 914 regnis
1140 849 1298 899 Dalm.
1343 849 1488 899 Croa.
1530 849 1780 899 Slavoniae
1806 850 1961 901 Notit.
1994 853 2214 917 praelim.

303 952 352 1001 p.
391 933 529 985 101.
563 942 677 999 post
706 935 944 985 Joannem
975 935 1423 986 Archi-Diaconum
1456 934 1516 984 de
1541 934 1774 997 Gvercse3
1809 935 1950 1001 Fejer
1977 936 2027 986 in
2057 937 2214 988 Praes.

299 1022 356 1071 ad
388 1022 510 1071 VIII.
545 1016 602 1070 [ι.
636 1028 684 1070 et
715 1021 890 1071 citatus
923 1036 1012 1085 per
1042 1036 1152 1071 eum
1186 1019 1437 1070 Dandulus
1469 1021 1601 1086 apud
1631 1020 1866 1071 Murator.

431 1108 480 1174 2)
526 1107 674 1157 Abam
707 1106 960 1172 Bojoarios
991 1114 1039 1156 et
1071 1106 1361 1156 Carantinos
1393 1106 1740 1170 depraedatum
1781 1106 1814 1156 l.
1848 1122 1892 1156 c.
1924 1106 2218 1157 Archi-Dia·-

298 1209 453 1243 conus
485 1193 612 1243 idem
645 1192 892 1253 meminit;
940 1207 1068 1251 vore,
1114 1198 1167 1241 ut
1197 1207 1255 1241 ex
1287 1191 1600 1241 collectaneis
1638 1191 1989 1256 Beytragezur
2017 1193 2243 1257 Losung·

295 1279 384 1328 der
412 1278 681 1342 Preissrage
714 1278 800 1327 des
830 1277 1032 1327 Durchl.
1066 1276 1104 1326 E
1140 1278 1200 1326 H.
1231 1277 1446 1326 Johann.
1481 1283 1575 1327 cet.
1608 1276 1808 1327 uberius
1839 1277 2057 1342 colligas,

429 1367 476 1425 3)
524 1363 833 1412 Collectanea
864 1379 994 1412 nunc
1027 1363 1168 1412 citata
1201 1363 1320 1412 fasc.
1354 1363 1392 1411 I.
1427 1379 1475 1427 p.
1516 1360 1652 1422 171,
1687 1363 1806 1412 fasc.
1840 1362 1901 1412 ΙΙ.
1935 1380 1988 1428 p.
2023 1360 2159 1413 167.

1163 1558 1204 1635 g
1251 1561 1347 1618 10.

367 1715 474 1762 Sed
521 1714 670 1763 inita
716 1714 876 1762 inter
907 1727 1035 1761 eum
1080 1720 1136 1760 et
1178 1711 1378 1761 Belam
1424 1713 1666 1761 fratrem
1714 1709 1931 1760 divisio
1977 1711 2143 1775 regni

474 1873 778 1938 Andream
818 1872 989 1936 fratri
1027 1895 1137 1936 suo
1177 1872 1412 1935 tertiam
1442 1872 1793 1957 Hungariae
1829 1870 2057 1958 partem
2089 1894 2217 1935 ces-

294 1960 451 2023 sisse
505 1961 778 2023 convenit
824 1959 979 2021 inter
1021 1957 1512 2044 chronographos
1559 1981 1809 2030 omnes3
1874 1976 2040 2044 quae
2070 1955 2217 2020 haec

293 2045 510 2109 fuerit?
556 2044 790 2108 silentio
826 2056 1224 2132 praetereunt.
1285 2044 1608 2107 Sublustre
1644 2056 1843 2106 tamen
1883 2055 1979 2106 est
2010 2055 2215 2131 partes

292 2135 643 2218 Hungariae
672 2132 831 2194 ultra
856 2129 1168 2193 Tibiscum
1195 2131 1373 2193 sitas:
1404 2142 1647 2206 terram,
1676 2129 2056 2228 provinciam,
2081 2131 2214 2216 par-

293 2231 386 2280 tes
417 2218 576 2304 Nyir
597 2230 655 2281 et
678 2217 1179 2302 Transylvaniam
1208 2216 1397 2279 fuisse
1426 2219 1777 2301 Hungariae
1805 2227 2033 2302 partem
2063 2215 2215 2277 hanc

299 2304 551 2369 tertiam.
589 2311 633 2384 1)

439 2487 481 2558 Ι)
528 2490 682 2540 Thur.
725 2490 785 2540 II.
820 2508 864 2540 c.
901 2484 1006 2550 49,
1051 2487 1148 2541 52.
1194 2490 1351 2550 Adde,
1403 2506 1525 2556 quae
1564 2489 1706 2538 Belae
1739 2487 1796 2536 R.
1831 2487 1996 2535 Notar.
2032 2503 2075 2535 c.
2113 2484 2208 2535 22.

298 2577 444 2627 habet.
474 2584 522 2625 et
553 2576 737 2626 Katona
770 2576 828 2625 H.
867 2576 921 2625 C.
957 2576 1013 2625 T.
1049 2577 1109 2625 ΙΙ.
1147 2593 1196 2641 p.
1235 2575 1373 2642 251,

1154 2742 1195 2818 g
1244 2745 1337 2801 ιι.

381 2909 580 2945 semen
619 2902 746 2945 erat
783 2893 1253 2955 discordiarum,
1303 2893 1520 2959 quibus
1559 2891 1772 2944 deinde
1810 2897 1866 2941 et
1904 2888 2122 2940 Domus

527 3023 529 3028 .
603 2981 764 3045 regia
806 2987 863 3030 et
901 2994 1144 3044 regnum
1186 2980 1283 3031 diu
1321 2979 1742 3032 conflictatum
1780 2984 1888 3028 est.

463 3140 636 3218 Quod
667 3140 900 3204 interim
935 3141 1279 3228 Scriptores
1309 3140 1484 3204 iidem
1524 3138 1781 3203 disserte
1813 3137 2131 3202 affirmant:
2176 3156 2219 3197 a

294 3239 413 3290 tam
446 3227 570 3290 miti
597 3227 882 3315 principio
919 3226 1202 3314 plurimas
1235 3226 1444 3292 deinde
1475 3226 1650 3312 regni
1685 3224 2081 3297 calamitatem
2126 3220 2211 3283 in-

294 3326 386 3376 ter
416 3316 620 3375 Duces
650 3312 864 3401 quippe
884 3317 1206 3413 Regesque
1228 3312 1579 3400 Hungariae
1603 3310 2213 3394 continuanter-paene

294 3398 614 3484 flagrantia
643 3399 798 3462 bella
845 3399 1192 3473 exstitisse3
1256 3400 1433 3497 plane
1471 3399 1554 3462 ita
1594 3394 1796 3462 habet.
1867 3394 2010 3461 Dati
2057 3392 2210 3457 enim

295 3484 543 3569 exempli
580 3482 757 3567 hujus
782 3485 994 3548 fiducia
1018 3488 1229 3569 Geyza
1253 3498 1391 3549 item
1440 3485 1825 3547 Salamonem-
1845 3478 2208 3553 fratruelem,
