2358 3874
1934 185 2086 236 XVll

151 323 514 388 Judiciarius,
574 319 829 372 Partibus
872 317 1291 386 productionem
1344 316 1591 368 'restium
1648 317 1970 382 indiximus,
2030 327 2090 368 ut

154 429 306 463 more
346 409 592 461 Testium
629 408 980 481 idoneorum,
1023 405 1254 457 veritate
1295 405 1374 456 rei
1416 413 1708 472 comperta
1747 404 1915 455 totius
1953 404 2089 456 Litis

151 497 451 550 falsitatem
492 494 869 564 potuissemus
910 493 1240 561 exstirpare.
1295 491 1650 544 Postmodum
1691 510 1822 544 cum
1860 492 1915 542 in
1955 490 2089 543 Ter·

151 586 296 637 mino
337 601 440 653 per
477 600 581 635 nos
620 582 929 652 assignato.
972 580 1170 632 Testes
1211 597 1245 631 a
1276 580 1530 632 Partibus
1570 580 1706 631 satis
1745 579 1926 631 idonei
1956 577 2090 631 suis-

151 680 274 723 sent
312 670 597 739 producti,
651 678 849 721 neutra
891 669 1031 719 Pars
1070 668 1251 734 ipsam
1291 667 1530 719 Causam
1571 667 1622 718 in
1664 667 1854 735 specie
1896 683 2088 718 sacra-

149 759 317 811 menti
355 745 529 810 voluit
567 756 770 819 decidi,
827 764 884 807 et
922 755 1224 806 terminari.
1283 755 1442 811 Unde
1484 755 1768 823 opportuit
1808 772 1912 806 nos
1943 755 2085 824 judi-

150 864 282 899 care
322 845 532 907 taliter,
571 853 630 896 ut
668 844 898 894 ambae
944 842 1185 893 Partes
1228 841 1523 911 pugiles
1575 843 2087 894 inexaminatos

150 935 387 987 debeant
439 933 748 1000 producere
800 930 855 981 in
906 936 1101 980 nostra
1152 930 1490 996 praesentia.
1567 930 1637 981 Et
1693 949 1818 981 cum
1869 931 1922 981 in
1979 930 2088 982 die

149 1019 383 1074 Duelli
423 1019 682 1071 Partibus
720 1017 1032 1086 assignat0‚
1077 1015 1354 1086 Pugiles
1394 1019 1463 1068 ab
1500 1026 1735 1085 utraque
1782 1017 1948 1069 Parte
1987 1035 2088 1085 po-

149 1109 240 1161 siti
278 1107 514 1159 fuissent
551 1106 603 1157 in
644 1104 799 1157 Area
839 1103 1197 1167 CertaniiniS‚
1248 1121 1349 1155 nec
1390 1105 1582 1171 probis
1621 1104 1762 1156 vivis
1807 1105 2085 1157 medianti-

147 1199 251 1249 bus
291 1212 403 1264 pax
442 1194 627 1263 aliquo
669 1195 830 1245 modo
872 1194 1014 1244 inter
1057 1192 1255 1243 Partes
1295 1190 1592 1243 reformari
1632 1192 1924 1259 potuisset.
1982 1193 2088 1245 Pu-

149 1284 292 1355 giles
331 1284 403 1336 ad
440 1282 673 1335 invicem
714 1298 776 1333 se
815 1289 1230 1349 opposuerunt,
1283 1278 1499 1331 Judicio
1541 1265 1739 1330 summi
1776 1279 1985 1337 Judicis
2026 1296 2089 1331 se

152 1371 573 1423 committentes,
615 1369 826 1428 Quibus
865 1368 1120 1438 utrinque
1160 1368 1590 1431 decertantib11S‚
1636 1366 1848 1437 Pugil'
1879 1366 2090 1419 Ethu-

147 1457 271 1509 ruh
313 1466 379 1508 et
417 1474 691 1509 suorum
733 1455 1209 1526 Cognatorum
1249 1454 1710 1525 Jobagionum
1752 1453 1983 1506 Castri
2035 1456 2087 1507 in

146 1545 272 1614 ipsa
310 1561 446 1597 area
502 1545 804 1613 pugnando
859 1543 1190 1611 praevaluit.
1261 1542 1457 1612 Pugile
1513 1542 1853 1610 Populorum
1908 1542 2093 1595 Casti-i

147 1632 598 1700 supradictorum
638 1632 861 1700 penitus
901 1630 1206 1695 deficiente,
1248 1632 1302 1682 e't
1341 1633 1720 1683 sucumbente.
1769 1630 1887 1682 Nos
1925 1631 2094 1701 igitur

147 1720 291 1771 sicut
330 1720 566 1771 decebat
603 1719 850 1771 Judicem
892 1719 1153 1770 mittendo
1194 1719 1581 1771 Praestaldum
1624 1728 1874 1770 nostrum
1914 1718 2093 1770 Babul

149 1808 217 1859 de
258 1806 396 1859 villa
437 1806 648 1858 Bechul
701 1797 982 1859 unacum
1023 1806 1243 1858 homine
1283 1805 1520 1874 Capituli
1562 1807 1918 1858 posoniensis
1958 1805 2093 1859 Cra-

152 1893 333 1964 chyno
374 1896 669 1947 sacerdote
708 1895 886 1947 sancti
925 1894 1078 1946 Petri
1131 1896 1198 1946 de
1240 1893 1404 1946 Galla
1430 1897 1510 1961 2),
1563 1902 1617 1945 et
1667 1895 1882 1946 duobus
1921 1893 2086 1946 Joba-

148 1982 407 2053 gionibus
447 1981 703 2051 Castriss)
743 1981 996 2051 Bereyno
1038 1981 1301 2053 majore
1343 1981 1786 2045 Praeconum,
1829 1990 1882 2032 et
1914 1980 2089 2033 Bolch

147 2068 260 2121 filio
301 2068 575 2122 Matthiae
615 2071 682 2121 de
725 2068 865 2133 Sur,
926 2069 1314 2138 praecepimus
1371 2077 1429 2120 ut
1487 2077 1635 2120 terra
1684 2069 1942 2137 superius
1996 2086 2089 2121 ex-

149 2172 371 2225 pressa,
411 2164 465 2208 et
503 2157 666 2209 tertia
705 2174 840 2226 pars
880 2165 1184 2225 pratorum,
1224 2165 1279 2208 et
1319 2174 1586 2225 aquarum
1615 2156 1864 2208 similiter
1890 2157 2090 2226 quibus

80 2288 83 2291 .
153 2244 298 2296 actio
338 2246 660 2296 vertebatur
700 2254 784 2296 est
822 2245 990 2296 certis
1028 2245 1189 2295 metis
1227 2244 1282 2296 in
1321 2243 1423 2296 Jus
1464 2243 1709 2307 Eturuh,
1771 2253 1826 2296 et
1864 2261 2091 2296 suorum

154 2330 531 2401 Cognatorum
572 2340 888 2384 statuantur
939 2341 1285 2400 perpetuum.
1355 2332 1459 2391 Qui
1514 2334 1584 2384 ad
1634 2349 1738 2384 nos
1791 2335 2091 2384 redeuntes

153 2419 462 2471 retulerunt
499 2419 552 2470 in
593 2416 913 2487 praesentia
954 2421 1191 2471 omnium
1215 2419 1584 2490 Jobagionum
1618 2417 1820 2483 Castri,
1852 2438 1921 2474 ac
1955 2420 2090 2472 alio·

152 2524 271 2558 rum
296 2508 366 2573 4),
406 2515 466 2558 ut
505 2507 686 2559 omnia
728 2507 899 2559 Prata
938 2507 1058 2571 illa,
1100 2516 1154 2559 et
1193 2524 1369 2576 aquas
1410 2525 1535 2559 cum
1573 2507 1836 2559 funiculis
1874 2525 2094 2560 mensu-

152 2595 325 2646 rando
356 2594 630 2663 juridicis,
667 2595 721 2646 in
763 2604 877 2646 tres
917 2604 1110 2663 partes
1150 2595 1498 2659 divisissent,
1552 2612 1786 2664 quarum
1827 2596 1965 2647 duas
2014 2595 2091 2646 ‹li-

154 2689 352 2732 xerunt
392 2680 686 2751 reliquisse
726 2681 1019 2735 Castren
1034 2684 1222 2734 sibus
1276 2683 1640 2751 saepeclictiS‚
1690 2683 1865 2735 libera
1906 2692 1959 2734 et
1998 2700 2093 2735 vo-

151 2767 392 2820 luntaria
434 2786 624 2821 eorum
653 2768 1033 2822 Castrensium
1076 2771 1375 2830 electione,
1420 2770 1664 2822 Tertiam
1704 2788 1840 2822 vero
1877 2780 2094 2839 partem

150 2855 363 2923 pariter
401 2874 526 2908 cum
567 2857 744 2909 Terra
789 2859 951 2910 unius
1004 2859 1204 2922 aratri,
1262 2859 1404 2910 sicut
1455 2859 1716 2927 superius
1764 2875 2094 2926 expressum

154 2951 259 3006 est,
299 2944 730 3013 assignaverunt
768 2946 821 2997 in
862 2955 1195 3014 perpetuum
1237 2945 1453 2997 Eturuh
1501 2955 1554 2997 ct
1603 2963 1830 2998 suorum
1871 2944 2095 3016 Cogna-

152 3039 331 3082 torum
371 3031 492 3083 istis
532 3033 694 3084 metis
721 3034 1132 3105 distinguendo·
1174 3033 1422 3093 Quarum
1463 3034 1640 3102 prima
1679 3033 1869 3101 incipit
1895 3051 1926 3085 a
1965 3035 2097 3084 dua-

153 3119 258 3169 bus
298 3119 460 3170 metis
499 3119 740 3188 antiquis
778 3121 929 3174 iuxta
968 3123 1133 3185 viam,
1173 3139 1314 3190 quae
1356 3121 1502 3174 ducit
1542 3123 1611 3172 ad
1653 3120 1837 3172 villam
1867 3119 2095 3171 Karcha

166 3259 251 3266 μ...-

306 3325 351 3384 2)
383 3325 507 3370 Gelle
535 3327 671 3371 hodie
711 3335 911 3373 vocatur.

305 3399 350 3457 3)
381 3398 656 3444 Officialibus
697 3402 849 3446 castri.

304 3471 349 3529 4)
382 3472 540 3515 Coram
571 3472 933 3532 Congregatione
975 3475 1246 3534 provinciae.

232 3559 441 3603 BAR'PAL
472 3560 518 3603 T.
539 3561 589 3603 ΙΙ.
1703 3549 1739 3596 Β
