2358 3874
277 223 398 276 114
486 196 491 200 ⁴

274 358 494 441 ignavo
516 355 795 438 Principe
845 353 1191 437 plerumque
1230 350 1502 411 accidere
1543 350 1726 427 solet)
1762 371 1869 434 pro
1914 350 2085 432 Rege
2113 347 2214 409 illo

279 443 440 502 servi
490 437 770 502 dominati
802 436 1074 497 fuissent.
1098 438 1232 496 Hoc
1263 434 1420 495 enim
1449 454 1650 494 rerum
1689 444 1853 494 statu
1883 433 2059 519 plane
2101 433 2213 493 sci-

277 524 477 599 ebant,
510 520 789 585 Pontifici
820 519 977 581 dicto
1010 518 1318 580 audientes
1352 517 1405 578 si
1438 528 1671 591 essent,
1705 539 1823 577 non
1853 529 1975 579 tam
2007 515 2079 578 ad
2114 538 2215 576 na-

277 609 530 671 turalem
581 605 899 668 Dominum
958 601 1074 663 sibi
1126 600 1578 674 revertendum,
1631 622 1806 684 quam
1864 600 2213 662 servitutem

276 693 622 777 regulorum
671 690 906 751 illorum
953 685 1321 749 subeundam
1370 707 1524 748 esse.
1572 683 1829 745 Condita
1868 683 2070 770 itaque
2111 707 2218 769 per

277 775 329 837 d'.
373 773 746 860 Stephanum
793 769 1142 833 Monarchia
1190 770 1308 831 huc
1347 770 1618 853 delapsa,
1667 780 1733 830 ut
1764 766 1979 829 nedum
2017 767 2216 852 hujnS,

278 859 386 920 sed
418 882 492 920 ne
524 857 774 919 alterius
807 854 1041 940 quidem
1083 867 1249 917 recte
1282 852 1643 916 constitutae
1691 851 1952 913 civitatis
1990 851 2219 936 reliqua

281 955 447 1005 esset
478 942 738 1027 specieS‚
780 940 851 1003 de
883 939 1040 1002 omni
1070 941 1195 1024 jam
1226 961 1291 1000 re
1342 938 1400 998 ni
1441 949 1603 998 statu
1639 933 2015 998 reformando
2057 935 2220 1020 cogi-

277 1026 521 1089 tandum
553 1026 679 1087 fuit.
727 1028 920 1101 Quam
966 1023 1200 1108 quidem
1251 962 1339 1084 aff
1360 1044 1634 1096 causam,
1671 1019 1923 1105 huicque
1944 1022 2215 1104 junctam

280 1134 356 1196 po
401 1110 481 1172 uli
506 1110 780 1185 salutem,
814 1130 945 1169 cum
967 1108 1219 1192 optimos
1253 1128 1538 1191 quosque,
1571 1117 1694 1167 tum
1719 1126 1861 1166 vero
1881 1103 2242 1169 Antistites

279 1135 551 1256 Eciesiae
584 1191 950 1276 hungaricae
981 1191 1297 1276 plurimum
1337 1187 1563 1272 ingenii
1603 1188 2068 1274 prudentiaeque
2121 1187 2220 1249 ad-

280 1279 495 1340 tulisse
528 1289 755 1339 certum
787 1288 897 1338 est.

1154 1479 1196 1553 g
1243 1480 1340 1535 11.

280 1631 343 1678 ln
389 1630 481 1678 his
532 1630 800 1678 Joannes
846 1628 1128 1677 Pontifex
1176 1627 1648 1690 StrigoniensiS,
1699 1641 1870 1689 quam
1919 1633 2058 1674 ante
2107 1624 2221 1673 Se-

283 1715 594 1777 ptennium
635 1714 786 1777 apud
831 1713 1060 1777 Anglos
1097 1711 1619 1774 Archiepiscopus
1667 1709 2131 1759 Cantuariensis
2163 1709 2220 1757 in

811 1798 943 1860 pari
989 1811 1170 1845 causa
1215 1794 1500 1860 praeivit,
1549 1794 1697 1842 viam

456 1954 797 2040 Principem
828 1954 985 2016 inter
1017 1953 1127 2016 hos
1159 1954 1351 2015 locum
1375 1955 1648 2015 Joannes
1674 1951 1955 2014 Pontifex
1979 1950 2224 2036 Strigo-

283 2038 512 2101 niensis
552 2039 773 2113 tenuit,
814 2050 881 2100 ut
913 2038 1026 2100 hoc
1062 2037 1347 2099 Primatis
1376 2036 1554 2120 regni
1586 2035 1942 2120 Hungariae
1976 2036 2222 2120 fastigio

284 2145 571 2198 summus,
603 2122 687 2184 ita
718 2123 792 2184 ab
826 2145 935 2185 suo
966 2122 1024 2183 in
1057 2134 1371 2206 utramque
1400 2120 1826 2206 rempublicam
1859 2120 2058 2182 studio
2102 2121 2223 2181 cla—

282 2206 579 2268 rissimus
626 2210 815 2291 Cujus
846 2207 1004 2269 inter
1040 2206 1295 2292 plurima
1327 2205 1650 2291 specimina
1687 2227 1869 2266 unum
1905 2217 2030 2280 est,
2065 2203 2220 2290 quod

284 2291 421 2375 quia
464 2290 728 2353 rationes
758 2291 1028 2354 Instituti
1071 2291 1247 2376 hujus
1293 2289 1569 2374 attingit,
1603 2289 1850 2353 tacitum
1892 2288 2222 2375 praeterire

284 2398 404 2437 non
434 2398 601 2459 queo,
637 2376 941 2451 AndreaS,
974 2387 1040 2437 ut
1073 2388 1203 2437 erat
1234 2396 1471 2459 semper
1500 2373 1669 2448 levis,
1698 2372 1998 2458 futurique
2027 2372 2223 2459 inpro—

286 2456 476 2534 viduS,
518 2471 577 2545 et
614 2459 793 2520 unius
833 2471 1092 2535 tantum,
1127 2482 1330 2545 quam,
1381 2458 1511 2520 sine
1559 2457 1856 2520 industria
1898 2469 1958 2519 et
1998 2457 2222 2532 labore,

286 2540 538 2627 solaque¹
571 2542 825 2606 obtineri
856 2544 1140 2629 largitate
1174 2566 1355 2629 posse
1389 2542 1754 2617 autumabat,
1787 2541 2079 2627 gloriolae
2122 2564 2222 2627 ap-

285 2638 496 2712 petens
520 2676 534 2703 ,
571 2627 742 2690 facile
770 2651 837 2690 se
867 2651 976 2714 per
1004 2631 1277 2690 Barones
1309 2650 1454 2690 suos
1485 2626 1835 2713 persuaderi
1857 2648 2076 2711 passus
2109 2638 2223 2702 est,

285 2724 351 2773 ut
382 2711 640 2774 animum
672 2711 786 2789 „ad
818 2712 1187 2775 alterandum
1220 2711 1400 2796 regni
1431 2723 1673 2787 statum,
1713 2711 1787 2772 ab
1820 2710 2084 2795 antiquis
2113 2710 2223 2772 illi-

287 2795 425 2857 bate
458 2808 924 2858 conservat11n1“
970 2796 1282 2882 adjiceret,
1334 2809 1393 2858 et
1433 2796 1530 2880 qui
1570 2818 1762 2879 usque
1801 2793 1992 2856 adhuc
2025 2807 2223 2856 terras

285 2880 827 2964 possessionesque
865 2894 1196 2943 castrorum
1236 2879 1856 2963 Udvarnokorumque
1894 2881 2222 2964 Regiorum

289 2962 631 3036 alienasset,
659 2967 786 3048 jam
825 2977 937 3038 „et
967 2977 1202 3040 castra,
1242 2977 1301 3026 et
1339 2963 1673 3026 Comitatus
1709 2975 1769 3025 et
1799 2975 1997 3025 terras
2039 2975 2099 3025 et
2131 2986 2223 3024 ce-

288 3059 455 3109 teros
500 3049 814 3133 opulentos
847 3049 1202 3133 Hungariae
1242 3059 1570 3134 proventus
1610 3046 1667 3107 in
1701 3059 2024 3133 perpetuas
2085 3045 2222 3109 hae·

285 3130 575 3193 reditates
590 3131 931 3195 Baronibus
961 3133 1089 3194 suis
1119 3145 1178 3195 et
1197 3132 1484 3194 militibus
1507 3131 1911 3194 distribuere“
1937 3130 2223 3194 constitu-

287 3227 413 3277 tum
434 3237 634 3277 secum
657 3215 921 3278 haberet.
943 3219 1147 3302 Atque
1176 3216 1232 3277 in
1259 3215 1623 3279 efficiendam
1653 3217 2017 3278 voluntatem
2051 3217 2221 3291 hanc,

289 3313 355 3361 ut
375 3313 503 3362 erat
531 3300 604 3362 ad
626 3299 930 3363 obeundas
950 3301 1213 3364 muneris
1234 3303 1325 3363 sui
1346 3302 1525 3386 Regii
1550 3313 1754 3386 partes
1777 3300 2038 3386 alioquin
2054 3299 2223 3396 igna-

289 3407 419 3459 vuS,
458 3385 849 3446 solertissime
883 3385 1168 3448 incubuit.
1202 3390 1375 3448 Hanc
1412 3409 1542 3447 cum
1576 3385 1830 3447 maxima
1860 3384 2222 3470 reipublicae

292 3468 622 3530 calamitate
688 3473 1059 3552 conjunctam
1122 3471 1439 3555 perniciem
1511 3470 1804 3555 spectavit
1865 3467 2222 3553 aliquamdiu
