2358 3874
303 200 425 255 los

299 348 490 398 strum
517 334 992 418 Fekethewyg),
1028 346 1089 396 et
1119 356 1338 395 rursus
1360 335 1722 421 llsvaszegh
1751 337 1919 418 (ibid.
1942 341 2242 425 lrsnazeg

299 432 507 483 contra
555 419 899 505 generalem
963 418 1289 480 exercitum
1345 418 1566 515 patris)
1621 421 1938 507 triumphis
1989 422 2238 507 praebe-

297 517 467 568 retur
527 527 769 579 semen,
834 504 1004 587 cujus
1063 525 1214 587 quae
1276 501 1488 565 deinde
1548 504 1729 567 fuerit
1779 507 2036 583 messis,
2102 519 2241 593 post

297 590 495 676 paullo
548 587 887 674 apparebit3
948 588 1009 648 in
1047 609 1340 672 praesens
1395 587 1551 649 enim
1598 587 1946 675 Stephanus
2002 590 2241 654 dimidia

296 674 522 761 potitus
569 671 888 756 Hungaria
936 684 995 733 et
1042 694 1231 755 aequa
1284 671 1434 734 salis
1471 686 1866 757 proventuum
1914 688 2117 760 parte,
2164 699 2239 739 ex

297 757 538 820 amissis
576 779 684 842 per
717 768 1023 842 acceptam
1063 779 1098 817 a
1129 756 1378 819 Tataris
1415 757 1661 836 cladem,
1704 783 1752 821 s.
1792 761 2067 823 Coronae
2103 783 2238 846 pro—

298 841 508 904 vinciis
545 847 619 919 4),
671 839 1023 924 Bulgariam
1085 841 1496 932 recuperavit,
1549 865 1698 927 rege
1759 841 1937 930 hujus
1991 847 2238 908 Assane

294 924 577 1012 vectigali
612 925 841 989 effecto.

471 1199 520 1257 4)
551 1195 742 1246 Literae
774 1197 917 1245 Belae
952 1198 1024 1246 lv.
1062 1200 1122 1247 de
1153 1215 1197 1247 a.
1240 1194 1417 1250 1254.
1455 1199 1530 1258 lv,
1566 1217 1607 1249 v.
1647 1199 1701 1250 2.
1737 1217 1787 1266 p.
1825 1199 1966 1251 220.

1169 1408 1212 1483 §
1255 1411 1355 1467 32.

638 1557 776 1606 Jure
822 1564 1018 1607 tamen
1066 1559 1272 1608 Stator
1317 1559 1659 1624 Hungariae
1704 1577 1892 1611 novus

463 1715 614 1776 Bela
632 1717 857 1800 junior,
886 1717 1194 1779 voluntate
1223 1716 1427 1778 Patris
1462 1718 1536 1779 ab
1567 1741 1616 1779 a.
1643 1725 1807 1781 1262
1842 1719 2162 1783 Slavoniae
2189 1726 2236 1799 1)

332 1798 565 1861 raefuit.
611 1803 793 1861 Hunc
832 1823 882 1861 a.
921 1808 1088 1864 1269
1116 1801 1256 1863 fatis
1293 1801 1559 1864 functum
1593 1805 1798 1879 Pater,
1841 1806 2011 1889 cujus
2050 1827 2236 1882 amor,

290 1820 681 1968 {cliniumque
719 1885 935 1960 fuerat,-
970 1896 1175 1949 tantae
1210 1885 1400 1972 impar
1429 1889 1708 1971 jacturae
1745 1888 1912 1950 brevi
1949 1912 2235 1952 consecu-

289 1979 391 2030 tus
443 1980 551 2031 est.
608 1972 741 2032 Rex
784 1968 909 2045 hic,
979 1992 1110 2032 cum
1159 1994 1382 2055 seque,
1434 1972 1936 2058 Hungariamque
1990 1997 2236 2037 servare

290 2065 529 2137 posset,
588 2053 642 2114 si
690 2052 899 2116 Chano
942 2057 1306 2118 Tatarorum
1361 2054 1474 2118 hoc
1516 2056 1714 2144 ipsum
1754 2058 2100 2121 sollicitanti
2142 2082 2236 2122 ce-

292 2137 514 2214 dendo,
562 2139 938 2224 Hungariam
989 2143 1119 2226 ejus
1173 2139 1537 2225 subjecisset
1591 2141 1934 2219 clientelae,
1991 2142 2234 2206 exitium

293 2246 603 2286 commune
653 2223 816 2310 turpi
870 2224 1051 2287 saluti
1118 2225 1401 2311 praetulit
1426 2232 1503 2305 2);
1561 2239 1700 2312 post
1746 2227 1848 2289 uhi
1888 2231 2154 2291 Tataros
2199 2252 2236 2291 a

293 2307 517 2369 finibus
573 2309 963 2393 Hungariae,
1022 2333 1142 2372 non
1201 2310 1379 2372 etiam
1434 2334 1469 2372 a
1526 2312 1836 2397 proposito
1891 2313 2234 2377 revertendi

292 2392 514 2455 abiisse
537 2392 938 2480 intelligeret,
987 2395 1136 2457 duas
1178 2394 1332 2457 filias
1377 2394 1610 2459 duobus
1643 2396 2055 2461 Rutheuorum
2105 2401 2231 2460 Du-

476 2682 517 2740 ι)
550 2680 606 2729 C.
649 2681 707 2730 D.
750 2682 826 2731 IV.
871 2680 926 2732 2.
968 2699 1018 2747 p.
1058 2681 1178 2734 218
1220 2700 1360 2750 seqq.
1413 2685 1631 2735 Thomas
1669 2688 1723 2735 A.
1766 2686 1825 2735 D.
1877 2686 2236 2750 Spalatinen'sis

292 2765 574 2815 Schwandt.
617 2766 674 2815 T.
710 2766 770 2816 ΙΙ.
806 2782 856 2831 p.
896 2764 1015 2818 632
1060 2769 1251 2829 „Quod
1291 2770 1595 2832 (Slavoniae)
1639 2771 1912 2820 dominium
1953 2771 1997 2819 ei
2036 2771 2230 2832 (Belae)

291 2849 497 2898 naturali
544 2849 656 2914 jure
696 2852 1032 2915 competebat,
1085 2860 1257 2917 utpote
1299 2854 1382 2918 qui
1432 2855 1684 2904 secundus
1732 2860 1836 2903 erat
1872 2854 2020 2918 Regis
2067 2855 2226 2915 filius;

290 2933 693 2997 primogenito
719 2934 822 2999 jam
848 2936 1099 3000 Stephano
1125 2938 1347 3002 Ungarici
1377 2938 1515 3003 regni
1548 2939 1820 2988 diademate
1844 2939 2226 3003 insignito“.--

288 3017 515 3066 Naturale
572 3017 676 3078 hic,
739 3035 840 3068 non
904 3021 1167 3084 positivum
1231 3022 1451 3086 loquitur
1506 3021 1624 3087 jus3
1690 3024 1910 3073 Andreas
1965 3023 2050 3074 111.
2112 3040 2228 3074 vero

290 3102 582 3161 „Ducatum
617 3102 869 3153 Slavoniae
909 3105 1118 3168 primam
1159 3121 1270 3155 esse
1300 3106 1479 3171 Regiae
1518 3108 1672 3171 prolis
1706 3107 2039 3172 dignitatem“
2073 3115 2229 3159 testa-

289 3194 384 3236 tur.
435 3186 578 3244 Quod
610 3193 658 3236 et
687 3188 737 3236 in
768 3188 1025 3249 Emerico‚
1070 3198 1118 3239 et
1148 3190 1262 3239 Bela
1294 3190 1399 3249 IV.‚
1441 3198 1586 3256 atque
1617 3192 1714 3242 hoc
1745 3193 1942 3258 quidem
1976 3193 2228 3244 Slavoniae

288 3271 520 3335 primum,
558 3271 929 3337 Transylvaniae
961 3274 1137 3324 deinde
1168 3275 1415 3339 praesecto
1449 3276 1674 3326 vidimus,

467 3401 513 3458 2)
547 3398 615 3447 De
647 3398 800 3448 literis
835 3400 990 3449 Chani
1022 3401 1313 3451 Tatarorum
1362 3403 1421 3452 ad
1454 3403 1621 3453 Belam
1672 3404 1842 3454 eximia
1892 3419 2004 3454 cum
2054 3405 2226 3454 erudi—

291 3481 419 3529 tione
450 3483 678 3532 Jerneius
712 3483 944 3534 disseruit
974 3485 1023 3534 in
1056 3486 1225 3536 Annal.
1263 3487 1401 3537 erud.
1438 3487 1551 3538 Soc.
1588 3488 1752 3553 Hung.
1789 3489 1846 3538 T.
1869 3488 1967 3538 vn.
2003 3505 2053 3554 p.
2084 3485 2220 3540 117.
