2358 3874
1964 211 2048 269 59

135 381 242 422 nes
287 355 484 443 populi
532 354 827 439 aequitate
850 352 1058 440 judicii
1097 364 1514 439 componerent
1543 359 1624 430 3):
1665 351 1808 437 ipsi,
1876 356 1927 412 si
1975 350 2046 414 de

134 443 323 506 abusu
357 439 532 503 officii
565 440 1042 525 postularentur‚
1077 462 1212 500 mox
1248 460 1356 524 per
1387 438 1676 500 Comitem
1705 435 2050 500 Palatinum

124 525 426 615 judicandi
447 532 528 605 4),
566 527 858 602 damnum,
893 547 1002 586 seu
1036 523 1179 586 illud
1206 547 1312 610 per
1343 546 1429 599 sse,
1460 546 1567 585 seu
1594 522 1862 585 homines
1884 520 2045 602 (Pri-

134 612 389 690 staldos)
414 635 556 674 suos
580 611 805 674 illatum
833 622 1014 685 esset,
1040 621 1346 695 praestare
1374 608 1729 672 tenebantur
1745 614 1813 688 5).
1831 607 2046 673 Prisca

130 698 318 784 igitur
346 697 563 760 Curiae
597 695 823 782 Regiae
859 694 1214 770 auctoritem,
1260 693 1522 780 perstitit
1547 717 1724 780 porro
1762 693 1958 771 etiam,
1991 699 2044 772 ⁶)

130 807 166 846 a
205 782 456 868 synodis
497 805 565 846 eo
602 781 850 844 maxime
897 779 1208 854 distincta,
1252 778 1406 865 quod
1451 779 1524 842 ad
1559 780 1669 843 has
1707 779 1884 842 etiam
1915 778 2044 842 sine

130 868 412 932 missione
460 872 510 930 si
562 867 674 941 illi3
718 866 791 929 ad
832 887 960 927 eam
1005 888 1153 950 erga
1193 864 1345 926 hanc
1388 866 1575 927 solam
1606 865 1919 941 PartibuS‚
1959 864 2043 926 sa,

128 967 339 1040 ctaque
370 977 403 1016 a
427 892 659 1017 Juffieis
693 953 1096 1037 cujuscunque
1126 949 1420 1013 sententia
1450 951 1893 1036 provocatione,
1926 950 2042 1036 ipsi

128 1063 358 1137 quoque
400 1037 598 1102 Judici
635 1036 1087 1123 comparendum
1138 1037 1360 1109 fuerat3
1417 1036 1604 1098 omnis
1648 1037 1846 1122 itaque
1894 1036 2043 1098 haec

129 1129 317 1211 Regls
346 1122 845 1212 providentissimi
864 1121 935 1185 de
958 1120 1196 1208 judiciis
1219 1121 1589 1198 constitutio,
1617 1121 1690 1184 ad
1716 1146 1869 1198 eam,
1891 1145 2042 1207 quae

128 1210 347 1274 seculis
392 1221 529 1297 post
573 1209 757 1294 vulgo
795 1220 1004 1271 secuta
1048 1221 1170 1284 est,
1217 1230 1529 1269 causarum
1561 1208 1697 1270 olim
1739 1208 1812 1271 ad
1850 1206 2041 1293 Regis

126 1295 362 1359 Curiam
409 1295 863 1382 pertinentium,
914 1293 1071 1356 inter
1111 1294 1281 1380 plura
1317 1292 1638 1356 tribunalia
1672 1291 2040 1368 divisionem,

124 1381 369 1466 viasque
410 1379 798 1467 recuperandi
825 1378 982 1465 juris
1026 1379 1336 1465 spectabat
1382 1379 1723 1463 planandas.

298 1567 322 1601 3
376 1566 498 1615 lbid.
532 1583 576 1615 c.
613 1562 711 1616 37.

297 1569 346 1713 4}
377 1652 482 1701 Duo
515 1668 572 1701 ex
615 1652 721 1717 lege
771 1653 862 1702 hac
901 1651 1167 1701 clarissime
1205 1658 1399 1716 patent;
1451 1666 1630 1710 unum,
1681 1651 1813 1715 quod
1853 1650 2035 1700 Comes

123 1736 366 1787 Palatinus
395 1752 485 1802 per
515 1737 895 1802 compilatorem
925 1737 1087 1802 legum
1119 1737 1291 1786 harum
1323 1737 1522 1797 eodem,
1555 1736 1625 1786 uti
1664 1736 1715 1786 S.
1747 1736 1867 1786 Lad.
1907 1736 1941 1786 l.
1978 1732 2034 1795 3,

121 1839 166 1872 c.
203 1820 236 1873 3
272 1838 437 1883 sensu,
470 1838 560 1887 pro
589 1823 802 1872 Judice
834 1822 1046 1872 Curiae
1077 1822 1291 1886 Regiae
1321 1828 1618 1884 summatur3
1653 1821 1870 1871 Comites
1901 1822 2032 1871 enim

119 1908 328 1974 Megales
360 1908 504 1972 Regis
538 1908 715 1968 solum,
751 1907 1052 1972 Comitisque
1100 1907 1205 1972 ejus
1254 1907 1449 1957 curialis
1497 1923 1584 1956 seu
1621 1907 1691 1956 uti
1732 1907 2035 1972 Compilator

120 1993 280 2044 dicere
311 1997 464 2052 amat,
499 1993 703 2043 Comitis
732 1992 933 2042 Palatini
964 1993 1198 2043 suberant
1228 1992 1591 2057 jurisdictioni3
1637 1993 1869 2042 alterum:
1921 1993 2035 2058 opi-

119 2079 316 2129 nionem
347 2080 687 2145 quorumdam,
722 2078 860 2143 quasi
889 2078 996 2144 lege
1025 2079 1118 2129 hac
1146 2078 1343 2128 Judices
1373 2078 1636 2139 Nobilium,
1670 2093 1820 2128 sensu
1849 2094 2030 2128 recen—

119 2164 229 2216 tiori
257 2165 661 2230 intelligerentur,
695 2179 806 2214 esse
837 2163 1037 2229 omnino
1069 2151 1342 2214 erroneam.
1374 2164 1444 2213 De
1475 2179 1571 2230 quo
1601 2164 1719 2214 alias
1747 2164 1906 2229 plura.

294 2252 317 2286 5
374 2251 408 2300 l.
447 2248 499 2300 1.
535 2267 579 2300 c.
616 2246 713 2300 31.

292 2250 404 2397 6))1.
442 2333 494 2385 1.
528 2351 635 2401 cap.
670 2330 768 2385 23.
809 2335 952 2400 Fugit
986 2335 1063 2384 lex
1099 2334 1220 2384 haec
1257 2333 1591 2384 Kelemenium
1641 2350 1830 2397 meum;
1885 2351 2031 2385 secus

118 2436 329 2486 namque
360 2421 521 2470 dicere
550 2422 832 2486 nequiverat
860 2419 987 2470 Hist.
1019 2420 1125 2471 Jur.
1151 2436 1201 2485 p.
1226 2416 1331 2470 93:
1366 2420 1588 2481 „Judicia
1621 2436 1678 2470 ex
1709 2420 1852 2471 Curia
1883 2421 2031 2486 Regis

119 2506 180 2555 ad
210 2506 423 2570 synodos
451 2505 603 2555 fuisse
634 2507 911 2556 translata“
943 2506 1247 2571 praesertim,
1282 2506 1415 2570 quod
1446 2522 1503 2555 ex
1533 2505 1653 2571 ipsis
1695 2507 1864 2571 synodi
1898 2506 2032 2556 Lau-

120 2591 367 2640 rentianae
392 2590 482 2640 sub
503 2590 806 2641 Colomanno
838 2591 973 2641 scitis
995 2597 1182 2656 pateat:
1205 2590 1430 2652 AbbateS‚
1452 2592 1796 2655 praetermisso
1815 2592 2029 2658 Episco-

119 2691 295 2746 porum
327 2675 553 2735 concilio,
587 2688 760 2726 causas
791 2692 904 2726 suas
935 2675 1116 2726 directe
1147 2676 1208 2726 ad
1233 2676 1428 2727 Curiam
1459 2677 1604 2742 Regis
1636 2677 1912 2728 deduxisse.

120 2928 207 2988 11.
257 2930 464 3013 Leyes
506 2928 904 3008 Colomamzz',
952 2950 1114 3013 quae
1165 2932 1253 2991 ad
1297 2932 1675 2992 doctrimcm¹
1705 2934 2026 3007 moralem,

677 3032 1161 3114 reliyionemque
1203 3034 1472 3112 faciunt,

977 3164 1020 3240 g
1065 3167 1163 3223 13.

744 3315 958 3379 partim
1001 3315 1059 3364 in
1105 3315 1415 3374 Geminis,

290 3435 450 3496 Cave
485 3431 764 3495 basilicas
800 3445 1131 3520 exspectes,
1163 3445 1265 3497 aut
1295 3433 1655 3497 monasteria
1694 3457 1801 3498 seu
1847 3459 2022 3522 opere

122 3518 424 3609 splendida
476 3542 583 3582 seu
631 3517 766 3584 dote
814 3519 1021 3606 ampla.
1091 3520 1258 3582 Haec
1299 3521 1501 3605 Reges
1546 3519 1685 3593 alii3
1739 3519 1810 3584 de
1849 3521 2020 3585 Colo-
