2358 3874
320 229 443 284 llo

323 358 592 426 oblivisci
623 360 845 434 maluit.
891 359 997 420 Sic
1035 379 1177 420 vero
1219 379 1330 418 nec
1361 360 1564 440 justae
1604 356 1946 419 severitatis
1982 355 2257 443 praebuit

322 447 686 532 exemplum,
743 466 851 505 nec
902 440 1248 503 clementiae
1297 438 1503 500 laudes
1552 441 1784 503 meruit.
1842 443 1965 502 Per
2008 452 2261 501 mortem

321 531 529 597 uxoris
557 531 767 616 plenae
796 525 1066 588 redditus
1098 523 1422 586 voluntatis
1455 546 1600 585 suae
1630 523 1914 604 libertati,
1935 528 2079 598 'cum
2111 522 2261 584 nihil.

321 614 538 700 magis,
571 635 746 698 quam
777 607 1079 695 cogitandi
1099 608 1373 674 lahorem
1405 608 1665 691 fugeret,
1698 606 1843 689 nihil
1873 631 2108 753 quoque
2138 629 2256 668 me-

323 695 832 770 ditatoeonsilio,
882 693 991 756 sed
1029 693 1349 756 omniaex
1385 691 1729 754 >inveterato
1761 715 1875 777 quo
1918 715 2012 754 am
2053 689 2258 766 animi,

323 784 411 845 sic
442 779 764 866 comparati
798 778 1005 839 habitu
1038 777 1195 862 egit,
1243 788 1311 838 ut
1359 775 1846 860 exquisitissimis
1883 774 2260 838 liberalitatis

321 866 512 929 titulis
533 872 580 944 1)
619 863 915 950 peculium
947 874 1283 923 castrorum
1321 862 1383 921 in
1416 860 1771 922 donationes
1799 869 1852 938 2)
1884 859 2259 933 effundendo,

322 973 431 1012 sua
483 950 613 1035 ipse
662 946 1039 1010 confessione
1081 944 1413 1030 prodigus,
1458 943 1730 1029 idemque
1778 944 2059 1030 populum
2097 944 2259 1005 nullo

322 1033 612 1099 Ordinum
644 1030 984 1093 discrimine
1030 1028 1338 1115 perpetuis
1390 1027 1645 1115 posthac
1697 1051 1930 1113 quoque
1990 1027 2258 1090 collectis

320 1116 661 1205 premendo,
694 1138 934 1190 avarus,
965 1126 1135 1176 tanta
1163 1113 1390 1197 ingenii
1425 1113 1483 1174 in
1515 1112 1664 1174 iram
1694 1113 2060 1198 injuriasque
2088 1135 2260 1198 prae-

322 1202 520 1287 cipitis
557 1207 637 1279 3),
687 1210 907 1284 quanta
949 1198 1163 1259 nimiae
1214 1196 1481 1259 lenitatis
1522 1195 1726 1259 ederet
1757 1221 1788 1259 s
1834 1195 2116 1273 ecimina,
2173 1194 2262 1256 sic

320 1291 378 1347 in
413 1284 571 1347 omni
602 1283 757 1345 vitae
788 1305 1015 1367 genere
1046 1281 1271 1356 varius,
1308 1281 1462 1362 ‚ut-si
1495 1281 1729 1365 quando
1762 1221 1957 1365 aliqua
1988 1279 2166 1342 animi
2198 1279 2259 1341 in

319 1382 624 1456 posterum
667 1365 1088 1453 prospicientis
1118 1366 1214 1430 vel
1245 1365 1440 1427 avitae
1470 1368 1768 1451 Majorum
1799 1365 2041 1429 virtutis
2074 1364 2261 1426 eluxit

321 1453 540 1540 specie,
571 1452 747 1537 hujus
777 1451 993 1512 samam
1024 1447 1322 1513 contrario
1354 1449 1629 1536 protinus
1659 1450 1806 1512 vitio
1829 1449 1959 1535 ipse
1990 1446 2107 1511 sibi
2147 1447 2260 1510 eri-

321 1550 506 1624 peret.

503 1736 547 1795 1)
578 1733 851 1782 Familiaria
882 1733 926 1782 ei
956 1733 1006 1781 in
1038 1733 1396 1797 Diplomatibus
1435 1733 1674 1782 axiomata
1715 1739 1855 1782 sunt-t
1901 1732 2019 1793 „illa
2050 1730 2259 1782 maxime

320 1818 490 1882 petitio
523 1817 701 1866 mereri
733 1822 967 1865 censetur
998 1816 1254 1866 obtentum
1288 1832 1410 1881 quae
1437 1817 1688 1880 praecedit
1716 1816 1838 1866 velle
1867 1815 2101 1880 petentis.
2133 1815 2272 1864 Lar-‘

321 1903 497 1966 giendo
529 1909 741 1961 terrena,
781 1900 960 1949 lucrari
992 1901 1238 1961 caelestia,
1274 1907 1320 1949 et
1350 1901 1706 1965 temporalibus
1736 1900 1975 1950 institutis
2002 1899 2259 1964 acquirere

322 1987 638 2050 sempiterna.
676 1984 869 2048 Optima
895 1984 944 2032 in
968 1984 1192 2048 principe
1221 1985 1434 2034 donandi
1466 2000 1700 2034 mensura
1730 1984 2038 2033 immensitas
2063 1983 2278 2048 judica—-

321 2078 418 2120 tur,
459 2068 881 2118 Excellentissima
920 2068 1109 2131 Regum
1149 2068 1378 2117 nobilitas
1416 2069 1564 2117 nullis
1607 2068 1843 2132 largiendi
1881 2068 2118 2118 limitibus
2159 2068 2260 2117 cir-

322 2153 584 2203 cumscribi
618 2152 788 2213 debet3
832 2168 943 2201 cum
976 2167 1033 2200 ex
1063 2152 1210 2216 Regis
1244 2153 1431 2216 Regum
1471 2152 1755 2202 testimonio
1790 2152 1935 2216 plene
1964 2152 2261 2216 cognoveri-³v

321 2254 431 2287 mus
463 2237 662 2286 imunda
706 2251 928 2300 quaeque
965 2251 1056 2300 per
1091 2236 1481 2300 elemosynarum
1522 2236 1831 2300 largitionem
1869 2251 2020 2300 posse
2059 2231 2257 2300 penitus

321 2321 587 2371 emendari.
636 2320 784 2369 Item:
819 2320 948 2368 inter
978 2326 1166 2369 ceteras
1192 2320 1395 2369 virtutes
1418 2320 1606 2384 Regum
1631 2319 1932 2384 Majestatem
1958 2320 2257 2369 adornantes

322 2406 627 2454 immensitas
646 2403 882 2467 largitatis
899 2404 1338 2453 commendabilior
1359 2409 1503 2467 atque
1530 2404 1843 2469 praepollens
1856 2403 2143 2468 judicatur“
2159 2410 2254 2453 etc.

500 2532 546 2590 2)
580 2529 739 2578 Castri
769 2536 925 2578 terras
957 2529 1184 2594 proprias
1215 2530 1453 2593 appellat,
1495 2530 1545 2578 in
1575 2530 1647 2578 lit.
1682 2545 1726 2579 a.
1767 2527 1922 2579 1221
1961 2530 2070 2592 (ΙΙΙ.
2108 2526 2255 2591 320)

321 2615 379 2663 de
411 2613 643 2676 nostris
677 2613 819 2662 terris
850 2613 1117 2678 propriis
1149 2613 1352 2674 scilicet,
1378 2614 1437 2662 de
1462 2613 1607 2663 terris
1628 2614 1775 2663 castri
1794 2613 2137 2678 Zagrabiensis
2158 2621 2253 2664 ete.

498 2740 545 2800 3)
579 2739 659 2788 Sic
690 2740 869 2787 fatetur
898 2738 1004 2802 ipse
1034 2738 1274 2788 Joannem
1295 2740 1734 2804 Archiepiscopum
1755 2739 1900 2803 Strig.
1935 2740 2255 2803 possessione

320 2824 508 2873 Tardos
549 2838 607 2871 ex
636 2823 706 2871 ira
737 2837 828 2886 per
858 2837 910 2870 se
955 2837 1065 2871 esse
1096 2824 1382 2873 mulotatum
1426 2840 1471 2872 a.
1510 2820 1671 2872 1218
1705 2823 1813 2883 (ΙΙΙ.
1847 2839 1891 2871 v.
1931 2820 1984 2871 1.
2017 2838 2069 2886 p.
2106 2820 2257 2884 255)

320 2907 533 2955 Roberto
573 2906 897 2968 Strigoniensi
945 2912 1151 2969 propter
1190 2908 1451 2970 quamdam
1490 2906 1875 2970 indignationem
1915 2905 2143 2956 homines
2193 2907 2253 2956 de

320 2991 426 3038 villa
458 2990 647 3052 Pogran
681 2989 880 3037 abstulit
910 2995 958 3037 et
989 3004 1163 3038 rursus
1194 2991 1390 3039 rediens
1422 2990 1645 3054 (propria
1677 2989 1782 3054 ejus
1814 2989 1958 3039 verba
1991 2993 2158 3051 sunt),
2191 2991 2251 3040 ad

321 3081 555 3131 mentem,
590 3072 801 3120 restituit
834 3072 932 3132 (IV.
971 3070 1139 3139 710).
1174 3074 1494 3123 Benedictum
1534 3073 1717 3122 Ducem
1758 3074 1911 3122 filium
1950 3073 2150 3123 Korlath
2191 3075 2251 3123 de

319 3157 547 3207 Emerico
580 3172 635 3204 ac
669 3156 728 3203 de
761 3171 813 3203 sc
846 3171 1042 3220 quoque
1076 3157 1258 3220 optime
1283 3157 1510 3206 meritum
1539 3157 1708 3217 „sicut
1726 3148 2031 3222 frequentius
2049 3158 2252 3222 Magna-

322 3249 440 3302 tum‚
475 3241 557 3300 ait,
592 3239 783 3288 animos
815 3239 873 3287 ad
907 3241 1210 3290 diversitates
1244 3257 1477 3290 sensuum
1512 3241 1752 3305 contingit
1783 3242 2016 3291 alterari“
2051 3241 2251 3290 univer-

321 3326 387 3373 sis
418 3325 560 3373 bonis
594 3323 855 3388 spoliatum
894 3324 943 3373 in
977 3324 1171 3374 exilium
1205 3325 1361 3383 misit,
1405 3325 1549 3375 bonis
1589 3325 1764 3374 deinde
1794 3326 1963 3385 uxori,
2016 3341 2139 3389 quae
2188 3326 2246 3374 ad

319 3410 475 3457 aulam
509 3408 720 3472 Reginae
753 3407 812 3455 ab
845 3407 1094 3471 obsequiis
1126 3408 1231 3469 suit,
1266 3409 1468 3459 redditis
1500 3426 1543 3458 a.
1578 3406 1730 3458 1221
1771 3409 1878 3471 (111.
1909 3405 2049 3468 317,
2073 3405 2243 3476 373).
