2358 3874
1951 221 2080 272 XXI

125 354 254 424 jure
303 353 675 407 haereditario
716 365 987 421 perpetue
1043 354 1436 421 possidebunt,
1498 360 1627 405 octo
1682 369 1818 406 vero
1866 355 2076 424 jugera

137 442 359 494 residua
411 443 478 492 de
526 449 675 493 terra
726 441 1050 509 supradicta
1101 440 1391 509 praedicto
1440 441 1493 491 in
1541 440 1668 493 loco
1716 438 1811 491 filii
1852 440 2076 493 Pochur

136 547 259 582 eum
298 530 555 599 cognatis
594 529 844 597 ipsorum
882 546 986 597 pro
1025 546 1088 580 se
1129 527 1380 580 similiter
1418 536 1690 596 perpetuo
1741 528 2076 592 detinebunt,

143 633 247 669 nec
285 616 393 668 hoc
430 617 937 686 praeterinittim11S‚
978 618 1122 686 quod
1162 617 1326 668 iidem
1364 614 1459 668 filii
1489 615 1714 668 Pochur
1752 624 1807 667 et
1844 634 2080 686 genera-

138 704 212 756 tio
252 703 504 772 ipsorum
542 704 897 772 saepedictos
935 702 1078 755 filios
1122 703 1331 756 Alberti
1383 704 1437 755 in
1477 711 1764 772 posterum
1805 705 1873 755 de
1913 720 2077 772 prae-

62 794 66 796 *
143 790 291 860 dicta
342 791 704 859 possessione
753 808 1103 860 nequaquam
1159 799 1420 859 poterunt
1474 790 1787 855 eliminare,
1845 791 1893 843 si
1945 810 2081 845 vero

141 894 284 930 ausu
321 879 616 931 temerario
657 886 906 946 tempore
944 878 1268 930 successivo
1306 886 1500 931 contra
1533 896 1631 930 eos
1666 878 1872 948 aliquid
1903 888 2079 931 atten-

143 973 323 1018 tarent
360 967 634 1019 mediante
674 965 998 1018 concambio
1038 973 1223 1017 terrae
1277 965 1513 1034 alicujus
1564 966 1654 1019 vel
1702 967 2081 1035 quaerimonia

140 1052 384 1122 aliquali,
425 1071 496 1105 ex
536 1062 666 1106 tunc
705 1052 803 1105 filii
841 1052 1066 1104 Pachur
1102 1070 1214 1105 una
1253 1069 1379 1105 cum
1418 1054 1676 1123 cognatis
1715 1062 1770 1105 et
1807 1053 1931 1106 filiis
1964 1054 2082 1106 suis

139 1141 476 1208 saepedictis
513 1141 637 1209 ipso
676 1139 830 1205 sacto
871 1148 1068 1193 contra
1106 1139 1250 1192 filios
1280 1139 1494 1193 Alberti
1531 1141 1585 1193 in
1625 1141 1854 1212 triginta
1880 1142 2084 1194 marcis

142 1227 307 1295 plene
346 1228 695 1299 integraliter
732 1237 1117 1293 remanerent,
1157 1229 1510 1297 supradictas
1548 1246 1684 1282 vero
1725 1231 1865 1281 duas
1905 1229 2085 1282 dietas

139 1316 451 1386 graminum
502 1324 619 1368 tam
673 1315 766 1368 filii
805 1315 1021 1369 Alberti
1073 1333 1238 1386 quam
1288 1317 1451 1368 etiam
1500 1315 1595 1368 filii
1644 1316 1870 1369 Pochur
1919 1317 2083 1369 simul

139 1412 416 1471 perpetuo
467 1405 880 1473 participabunt
939 1413 993 1456 et
1043 1405 1374 1457 unanimiter
1422 1404 1804 1473 possidebunt.
1874 1405 2082 1458 Datum

140 1490 366 1542 Posonii
395 1508 542 1544 anno
572 1492 793 1544 Domini
818 1491 899 1544 M.
925 1490 1082 1544 CCC.
1107 1491 1276 1551 anto
1317 1493 1570 1545 decimu-
1595 1493 1713 1545 Nos
1740 1510 1876 1546 vero
1907 1493 2082 1563 justis

140 1577 496 1646 petitionibus
536 1588 590 1632 et
626 1579 886 1650 legitimis
922 1579 1171 1632 inclinati
1221 1581 1400 1632 dictas
1451 1581 1643 1632 literas
1684 1583 1751 1632 de
1798 1582 1970 1633 verbo
2010 1582 2083 1633 ad

140 1667 368 1717 verbum
406 1667 614 1738 nostris
652 1666 825 1719 literis
865 1668 1256 1735 praesentibus
1294 1669 1465 1720 inseri
1502 1667 1736 1720 fecimus
1774 1667 1945 1738 sigilli
1982 1685 2082 1720 no-

143 1753 244 1804 stri
282 1753 574 1806 munimine
613 1756 947 1808 roborandO.
1019 1754 1225 1808 Datum
1274 1756 1330 1808 in
1367 1754 1513 1808 festo
1556 1758 1755 1809 beatae
1794 1755 2084 1809 Elisabeth

143 1858 289 1894 anno
330 1844 523 1894 eodem
561 1853 623 1895 ut
660 1860 852 1912 supra.

314 1927 387 1980 A.
426 1929 492 1981 Β.
546 1929 608 1982 C.
667 1931 750 1998 (in
803 1930 962 1983 infer.
1016 1949 1197 2002 marg.
1246 1932 1497 1985 scissura
1556 1950 1658 2000 pro
1716 1933 2083 2000 appendendo

145 2015 348 2085 sigillo,
390 2020 533 2087 quod
574 2018 785 2072 incuria
824 2019 1025 2086 deest.)

150 2594 396 2656 Literae
430 2594 782 2679 judiciariae
831 2595 892 2657 in
942 2597 1145 2656 Causa
1199 2616 1305 2681 per
1344 2594 1693 2657 Ladislaum
1739 2596 1925 2657 filium
1969 2600 2086 2657 Eu-

152 2706 364 2770 stachii
411 2722 620 2771 contra
659 2709 1039 2771 Dominieum
1080 2722 1140 2771 et
1190 2711 1437 2772 Petrum
1483 2707 1555 2771 de
1598 2709 1790 2772 Belud
1840 2708 2089 2771 Kareha

153 2821 227 2884 ad
272 2821 620 2885 divisionem
664 2836 963 2889 terrarum
1008 2822 1219 2886 Dobor
1263 2846 1313 2884 a.
1360 2830 1523 2886 1347
1570 2845 1768 2885 coram
1818 2824 2090 2908 Congre-

191 2936 441 3019 gatione
472 2937 792 3001 Palatinali
838 2937 1131 3000 suscitata
1161 2950 1222 3001 et
1257 2961 1307 3000 a.
1350 2945 1512 3000 1352
1558 2936 1801 3001 definita
1840 2932 2079 3000 editae(

301 3116 418 3169 Nos
455 3118 723 3171 Nicolaus
760 3120 944 3191 Regni
983 3121 1303 3192 Hungariae
1342 3121 1648 3185 PalatinuS,
1686 3130 1741 3173 et
1772 3120 1953 3172 Judex
1986 3117 2091 3171 Cu-

156 3223 442 3257 manorum
465 3208 528 3274 ¹),
555 3208 853 3259 memoriae
884 3210 1277 3261 comendamus
1295 3217 1487 3260 tenore
1514 3207 1891 3276 praesentium
1925 3206 2093 3276 signi-

316 3440 351 3499 1)
377 3440 586 3486 Nicolaus
626 3443 758 3488 Gileti
786 3442 974 3488 Palatini
1010 3442 1292 3500 cognominis
1328 3441 1462 3488 filius.
1506 3441 1613 3487 Vide
1655 3442 1756 3488 Ser.
1786 3441 2090 3488 Palatinorum

162 3513 290 3571 Prayi
317 3513 371 3558 ad
398 3529 438 3558 a.
471 3509 629 3568 1352,
659 3529 749 3575 quo
777 3515 934 3561 literae
963 3515 1047 3560 hae
1077 3514 1223 3561 editae
1251 3521 1371 3559 sunt.
