2358 3874
608 1053 767 1119 XX.
833 1051 1086 1120 REX
1170 1051 1501 1119 BELA
1572 1053 1692 1119 IV.

780 1205 838 1254 ab
870 1221 998 1255 anno
1036 1201 1196 1255 1235
1225 1234 1292 1241 -
1330 1203 1508 1254 1270.

1094 1408 1241 1483 §L

176 1557 338 1607 Soita
377 1558 802 1617 Comitiorum,
851 1571 998 1622 quae
1043 1571 1149 1621 pro
1183 1556 1420 1606 solenni
1463 1556 1596 1621 ejus
1642 1555 2113 1620 inauguratione

885 1640 1191 1691 celebrata
1238 1648 1394 1691 sunt.

303 1816 388 1876 Ut
418 1826 589 1899 pater
622 1814 745 1877 vita
776 1814 1056 1888 decessit,
1095 1812 1396 1875 festinatis
1434 1813 1634 1876 Albae
1669 1811 1941 1875 Comitiis
1964 1812 2114 1873 Bela

175 1898 426 1960 alterum
458 1911 779 1962 coronatus
823 1910 932 1960 est.
969 1897 1205 1961 Aderat
1234 1910 1294 1961 et
1319 1897 1723 1960 Colomannus
1758 1897 1946 1958 frater
1979 1899 2113 1981 ejus

173 1981 444 2066 idemque
495 1986 638 2046 Dux
684 1983 1004 2045 Slavoniae
1068 1994 1129 2044 et
1182 1982 1243 2043 in
1310 1981 1690 2045 solemnitate
1747 1980 1860 2042 hac
1904 2003 2110 2043 ensem

172 2067 487 2153 praetulit,
531 2071 673 2131 Dux
712 2071 1047 2131 Russorum
1082 2066 1300 2129 Daniel
1336 2089 1551 2152 equum
1607 2066 1791 2130 duxit.
1841 2068 2111 2151 Tempus

173 2151 485 2236 reliquum,
509 2175 676 2216 more
711 2151 1124 2215 vetustissimo
1168 2149 1393 2236 gentis,
1426 2151 1626 2214 causis
1670 2148 2113 2236 cognoscendis

171 2237 535 2321 impensum,
586 2237 700 2299 hac
743 2249 939 2299 autem
983 2240 1114 2299 vice
1160 2235 1366 2311 etiam,
1405 2235 1783 2321 postulandis
1817 2233 1892 2296 ad
1936 2256 2113 2319 quaeq

173 2320 428 2383 stionem
466 2321 830 2397 BaronibuS,
863 2319 963 2406 qui
987 2323 1180 2407 patris
1218 2343 1254 2382 a
1283 2321 1434 2382 Bela
1461 2319 1718 2382 animum
1752 2320 2111 2392 alienarunt,

173 2417 277 2467 aut
305 2403 365 2465 in
397 2408 711 2491 utriusque
745 2405 1130 2491 conspirasse
1155 2427 1361 2467 necem
1395 2404 1826 2489 arguebantur.
1856 2401 2111 2465 Publico

172 2489 232 2550 hi
267 2487 527 2551 damnati
562 2489 813 2574 judici03
863 2491 960 2552 lex
1003 2502 1316 2576 praeterea
1357 2489 1429 2552 de
1470 2512 1662 2586 regno
1707 2489 1880 2551 malis
1925 2485 2112 2550 homi-

171 2573 380 2648 nibus,
431 2596 682 2658 quorum
732 2596 1016 2636 numerus
1068 2573 1307 2637 licentia
1359 2595 1735 2659 superiorum
1778 2586 1898 2636 tem
1944 2593 2113 2633 orum

170 2656 327 2719 haud
366 2657 745 2721 mediocriter
798 2658 1077 2735 increvit,
1130 2656 1444 2745 purgando
1480 2670 1729 2741 rogata,
1777 2669 1838 2720 et
1919 2677 2112 2718 emum

172 2741 244 2805 de
281 2742 765 2805 revocationibus
810 2743 1249 2829 superfluarum
1294 2754 1354 2805 et
1398 2741 1692 2804 inutilium
1732 2740 2112 2805 donationum

170 2825 432 2889 Emerici
463 2827 866 2914 Andreaeque
897 2839 1111 2889 actum.
1143 2829 1238 2890 De
1270 2827 1408 2912 lege
1442 2824 1597 2888 hanc
1629 2826 1691 2887 in
1717 2829 1843 2889 rem
1875 2822 2113 2887 condita

173 2922 488 2995 quatenuS,
507 2911 926 2975 donationibus
950 2911 1068 2973 illis
1093 2910 1750 2995 retractatis,Regnum
1772 2909 1846 2972 ad
1867 2920 2112 2983 statum,

170 2994 229 3055 in
267 3017 383 3079 quo
406 2996 555 3058 Bela
578 3000 688 3058 111.
733 3019 932 3059 rerum
968 2999 1235 3082 potiente
1280 2993 1419 3071 fuit,
1460 2994 1862 3058 reducendum
1911 2994 2113 3056 decer*

171 3078 447 3153 uebatur,
494 3091 556 3141 et
591 3080 707 3142 sibi
742 3093 803 3143 et
831 3104 1022 3166 regno
1057 3083 1341 3166 majorem
1377 3079 1438 3141 in
1476 3079 1712 3143 modum
1747 3078 2112 3164 gratulatus,

170 3162 325 3248 quod
377 3175 572 3225 tamen
624 3177 861 3226 cautum
890 3165 1065 3227 simul
1093 3165 1308 3240 fuerat,
1346 3176 1414 3226 ut
1442 3163 1671 3226 initium
1711 3158 2112 3225 revocationis

170 3270 205 3309 a
234 3247 409 3310 bonis
441 3247 635 3322 fieret,
680 3271 830 3332 quae
859 3247 1118 3312 Eclesiis
1152 3248 1653 3331 monasteriisque
1691 3247 1849 3307 ultra
1878 3247 2112 3330 justam

171 3354 513 3394 mensuram
548 3332 765 3394 collata
795 3344 1022 3408 essent,
1058 3343 1119 3394 et
1150 3331 1253 3392 ubi
1288 3330 1480 3415 prima
1502 3329 1952 3426 provenissent,
1986 3339 2113 3390 tum

169 3413 404 3478 demum
454 3415 745 3479 adversus
796 3415 948 3479 alios
999 3413 1452 3503 procederetur,
1498 3413 1756 3490 mvituS,
1816 3422 1876 3475 et
1931 3433 2113 3473 causa

170 3497 458 3565 duntaxat
495 3499 923 3578 sedandorum,
963 3500 1021 3562 in
1065 3523 1216 3586 quos
1258 3496 1610 3562 deliberatio
1649 3495 1942 3585 prorupit,-
1991 3518 2111 3558 mo-
