2358 3874
315 195 420 246 XX

1207 349 1354 419 Vl.

317 528 665 612 Exemplum
737 525 1045 587 literarum
1104 522 1570 586 Judiciariarum
1630 526 1925 590 Dominici
1993 509 2257 592 Curialis

423 640 676 702 Comitis
722 653 781 702 et
828 651 1082 724 quatuor
1125 637 1410 701 Judieum
1454 638 1766 701 Nobilium
1813 642 2148 706 Comitatus

861 751 1258 815 Posoniensis
1305 751 1377 815 de
1425 775 1474 814 a.
1525 760 1711 815 1315.

466 998 756 1051 Universis
784 995 991 1049 Christi
1031 997 1282 1051 fidelibus
1321 1007 1652 1066 praesentes
1689 998 1884 1052 literas
1922 1000 2258 1070 inspecturis

316 1085 632 1155 Capitulum
673 1085 932 1138 Eclesiae
974 1086 1334 1138 Posoniensis
1374 1085 1625 1138 Salutem
1672 1087 1726 1139 in
1766 1087 2002 1140 Domino
2055 1090 2258 1158 sempi-

317 1185 552 1238 ternam.
592 1174 681 1226 Ad
720 1174 1107 1226 universorum
1146 1174 1396 1226 notitiam
1438 1185 1631 1227 tenore
1686 1176 2065 1244 praesentium
2103 1177 2258 1230 volu-

316 1279 438 1314 mus
497 1262 824 1330 pervenire,
884 1264 1029 1331 quod
1080 1262 1415 1314 accedentes
1468 1263 1541 1314 ad
1590 1271 1841 1315 nostram
1891 1263 2156 1317 Nicolaus
2204 1274 2259 1316 et

314 1349 559 1403 ,loannes
598 1349 742 1402 filius
783 1349 998 1402 Alberti
1038 1349 1403 1403 exhibuerunt
1454 1351 1616 1403 nobis
1666 1350 1861 1404 literas
1903 1352 2117 1421 providi
2153 1353 2259 1406 viri

313 1437 583 1489 Dominici
623 1435 864 1490 Curialis
904 1437 1128 1490 comitis·
1159 1438 1550 1502 PosoniensiS,
1608 1438 1661 1490 in
1704 1439 1902 1508 quibus
1943 1442 2260 1510 requirebat

313 1543 430 1595 nos
457 1525 770 1595 diligenter,
809 1527 954 1595 quod
991 1542 1098 1578 nos
1135 1525 1328 1586 literas
1368 1542 1504 1578 suas
1545 1536 1805 1594 patentes
1836 1543 2010 1595 super
2035 1527 2263 1597 quibus--

315 1614 441 1665 dam
471 1613 773 1683 jugeribus
826 1621 1101 1665 terrarum
1143 1623 1198 1664 et
1236 1613 1514 1682 particula
1565 1613 1771 1666 foeneti
1823 1623 2113 1668 emanatas
2159 1633 2257 1668 no-

312 1700 444 1752 stris
495 1699 669 1751 literis
719 1699 1160 1770 privilegialibus
1199 1701 1559 1770 dignaremur
1606 1700 1966 1764 confirmare,
2023 1720 2257 1772 quarum

312 1798 473 1840 tenor
511 1787 639 1839 talis
679 1796 798 1839 est:
849 1787 969 1839 Nos
1007 1788 1333 1840 Dominicus
1373 1787 1611 1841 Curialis
1652 1788 1855 1842 Comes
1898 1773 2257 1864 P⁸osoniensis

312 1876 608 1928 memoriae
649 1878 1042 1928 comendamus
1081 1876 1481 1946 significanteS,
1522 1878 1719 1947 quibus
1759 1879 1998 1948 expedit,
2037 1879 2255 1932 univer-

310 1964 408 2028 siS,
448 1965 590 2033 quod
634 1964 915 2016 constituti
954 1964 1328 2032 personaliter
1365 1981 1558 2017 coram
1587 1965 1746 2023 nobis
1782 1965 2083 2020 Ladislaus
2110 1966 2256 2022 filius

317 2050 558 2115 Puchur,
586 2050 834 2103 Joannes
875 2060 929 2103 et
955 2051 1203 2104 Jacobus
1242 2051 1338 2103 filii
1369 2053 1583 2105 Urachi
1621 2071 1745 2106 cum
1773 2055 2023 2108 omnibus
2050 2072 2255 2127 cogna-

309 2140 379 2191 tis
421 2148 476 2190 et
515 2138 708 2190 amicis
746 2138 1013 2206 ipsorum,
1059 2141 1150 2210 qui
1177 2139 1467 2204 Joannem,
1495 2141 1784 2194 Nicolaum
1827 2153 1882 2194 et
1909 2142 2253 2212 Stephanum

314 2225 458 2279 filios
497 2225 714 2278 Alberti
754 2229 823 2278 ad
865 2237 1116 2280 nostram
1172 2230 1552 2296 praesentiam
1603 2247 1706 2298 pro
1746 2232 2010 2284 tredecim
2038 2232 2254 2302 jugeri-

313 2316 415 2366 bus
454 2322 728 2366 terrarum
769 2323 823 2366 et
861 2317 1077 2368 duabus
1106 2316 1268 2368 dietis
1299 2318 1611 2388 graminum
1649 2317 1895 2389 legitime
1925 2320 2253 2384 citaverunt,

311 2402 574 2466 dicenteS,
614 2405 760 2471 quod
799 2403 896 2455 illa
935 2405 1198 2462 tredecim
1228 2405 1436 2476 jugera
1477 2415 1532 2458 et
1559 2408 1702 2459 duae
1733 2407 1914 2459 dietae
1941 2408 2254 2478 graminum

315 2489 615 2556 praedictis
653 2489 781 2543 filiis
813 2490 1031 2544 Alberti
1057 2510 1160 2561 pro
1189 2494 1433 2563 propriis
1462 2495 1912 2563 possessionibus
1940 2495 2056 2548 suis
2086 2504 2253 2548 antea

310 2594 413 2645 pro
455 2578 778 2631 concambio
819 2580 1192 2645 tradidissent,
1233 2590 1288 2633 et
1328 2583 1600 2635 mediante
1640 2582 1735 2635 lite
1774 2584 2025 2652 ipsorum
2063 2584 2116 2635 in
2153 2601 2250 2636 no·

314 2665 414 2716 stri
453 2667 777 2733 praesentia
817 2677 870 2719 et
910 2677 1152 2737 quatuor
1189 2668 1440 2722 Judicum
1479 2671 1766 2723 nobiscum
1805 2670 2131 2739 sedentium,
2172 2671 2249 2724 vi-

309 2752 512 2805 delicet
541 2754 708 2806 Petro
748 2757 815 2807 de
845 2755 1045 2821 Guthr,
1078 2757 1246 2810 Petro
1286 2757 1397 2810 filio
1426 2757 1669 2822 Martini,
1695 2757 1966 2827 Leopoldi
1999 2760 2066 2810 de
2092 2757 2252 2810 Paka

310 2848 364 2891 et
403 2839 692 2909 Stephano
734 2844 801 2894 de
842 2839 1071 2896 Karcha
1102 2847 1147 2915 ι)
1186 2844 1482 2897 Ladislaus
1535 2855 1591 2897 et
1628 2846 1853 2915 cognati
1902 2862 1970 2897 ac
2021 2844 2116 2897 filii
2163 2845 2250 2896 sui

309 2929 613 2995 supradicti
663 2929 718 2981 in
757 2939 974 2982 centum
1013 2933 1244 3002 triginta
1282 2934 1487 2985 marcis
1527 2950 1630 3001 pro
1673 2933 1919 2985 emendis
1968 2949 2249 2985 remanse-

308 3023 452 3079 runt,
492 3033 561 3067 ex
602 3017 799 3086 quibus
851 3018 976 3071 filiis
1016 3020 1232 3073 Alberti
1271 3021 1612 3089 praenotatis
1659 3037 1796 3089 pars
1844 3019 2009 3072 tertia
2048 3022 2249 3073 cedere

298 3103 672 3171 judicabatur,
715 3107 806 3175 qui
845 3107 1025 3175 ipsam
1065 3109 1283 3160 tertiam
1323 3117 1571 3178 partem,
1613 3109 1804 3177 probis
1843 3108 1983 3161 viris‘
2013 3108 2248 3160 interce-

307 3191 578 3254 ‹lentibu8‚
619 3192 715 3246 tali
755 3196 858 3247 sub
898 3197 1211 3249 conditione
1254 3196 1609 3259 relaxarunt,
1648 3196 1754 3261 ita,
1795 3197 1940 3266 quod
1981 3196 2108 3248 dicti
2156 3194 2248 3247 filii

311 3277 520 3330 Alberti
577 3282 644 3332 de
692 3282 979 3350 praedicta
1030 3294 1181 3337 terra
1234 3285 1284 3336 in
1334 3286 1529 3336 eodem
1583 3284 1707 3337 loco
1760 3284 1998 3353 quinque
2041 3285 2247 3354 jugera

469 3486 501 3539 ¹)
543 3485 571 3527 ι.
616 3486 662 3529 x.
705 3487 730 3543 ς
772 3485 857 3531 37.
