2358 3874
1951 215 2072 274 157

136 374 245 413 nec
269 363 465 414 aetate
495 351 679 414 Belae
701 354 811 414 lV.
844 351 1237 436 antiquiorem
1281 352 1884 415 exercituantium
1925 356 1991 415 N
2003 378 2070 416 o—

137 435 385 506 bilium
430 435 726 497 notionem
779 436 1127 521 explicandi.
1195 436 1476 498 Facimus
1522 435 1636 499 hoc
1688 437 2071 522 praelucente

138 518 390 581 classico
426 519 767 605 Diplomate
794 526 840 598 ¹)
880 543 995 604 quo
1031 522 1083 581 is
1136 520 1470 583 libertatem
1513 521 1875 606 antiquam
1923 522 2071 582 uni-

137 626 507 666 versorum
553 604 919 666 Nobilium
965 604 1047 666 de
1092 607 1371 689 Scepus
1422 603 1722 667 describit.
1768 608 1927 667 Pars
1965 604 2071 667 hu-

126 691 230 773 jus
270 687 622 774 praecipua:
674 686 880 773 „quod
918 688 1116 750 nullus
1152 688 1418 773 ipsorum
1459 689 1713 775 aliquam
1745 691 2073 767 collectam,

135 772 230 852 vel
258 774 623 836 exactionem
650 773 886 835 solvere
916 783 1221 845 teneatur;
1252 773 1369 834 nisi
1391 773 1524 858 ipsa
1557 774 1805 836 collecta
1839 774 1912 837 ad
1930 777 2073 837 Ser-

135 856 365 920 vientes
400 856 592 942 Regis
628 869 687 919 et
728 856 876 918 alios
909 856 1207 939 quoslibet
1247 857 1478 920 nobiles
1520 871 1688 921 esset
1735 859 2071 943 generalis3

135 964 243 1026 per
278 941 407 1003 sora
458 954 517 1004 et
548 953 755 1026 portas
797 939 1060 1024 ejusdem
1099 943 1334 1026 Scepus
1375 943 1601 1004 nullum
1630 943 1919 1005 tributum
1957 943 1975 1004 i
2021 943 2075 1004 si

137 1025 395 1102 nobileS‚
451 1039 510 1089 et
547 1025 962 1109 Jobbagiones
1003 1047 1206 1087 eorum
1245 1026 1621 1111 persolvant3
1666 1026 1733 1087 in
1782 967 2072 1112 611116ἕί-

135 1109 326 1172 tione
388 1134 513 1197 per
562 1112 823 1194 Regem
877 1109 1064 1172 sacta
1121 1109 1234 1171 sub
1268 1110 1476 1195 Regio
1528 1110 1745 1173 vexillo
1797 1123 2072 1196 quatuor,

137 1194 235 1278 qui
280 1192 502 1278 habent
553 1206 777 1256 terram
832 1206 964 1256 octo
1018 1206 1355 1256 aratrorum
1407 1195 1836 1272 sufficientem,
1891 1219 2074 1258 unum

136 1279 371 1342 mittere
421 1279 675 1342 debeant
727 1277 1009 1341 decenter
1062 1291 1371 1341 armatum.
1445 1282 1663 1342 Comes
1713 1279 1784 1343 de
1835 1283 2072 1377 Scepus

138 1385 246 1424 nec
277 1362 468 1448 ipsos,
501 1386 612 1426 nec
641 1385 845 1426 eorum
868 1362 1288 1447 Jobbagiones
1316 1364 1507 1449 possit
1526 1363 1820 1448 judicare,
1865 1365 1982 1427 niffl
2013 1366 2075 1426 in

137 1446 336 1509 causis
370 1447 541 1523 furti,
577 1458 870 1523 monetae,
904 1460 962 1509 et
998 1446 1389 1521 decimarum3
1424 1471 1645 1534 super
1683 1449 1923 1511 causis
1956 1473 2073 1511 au-

135 1544 270 1594 tem
316 1531 609 1594 minutis
656 1531 847 1593 inter
901 1555 977 1593 se
1035 1532 1220 1594 ortis
1275 1531 1726 1595 diffiniendis
1779 1533 2073 1619 ipsimet

137 1616 275 1677 sibi
340 1617 629 1701 possint
696 1615 1016 1678 Judicem
1081 1616 1589 1702 eligere‚quem
1645 1618 1938 1680 vellent.
1990 1656 2075 1665 —-—

137 1703 355 1763 Comes
410 1700 481 1763 de
528 1704 763 1787 Scepus
805 1700 1030 1761 nullum
1084 1700 1438 1763 descensum
1486 1724 1671 1787 super
1725 1726 1830 1765 eos
1874 1701 2070 1788 possit

136 1785 333 1847 facere
371 1785 724 1857 violentum3
764 1824 847 1831 —-
885 1787 1085 1869 Super
1121 1785 1280 1848 furto
1327 1784 1637 1847 convictus
1678 1786 1929 1870 perdere
1976 1786 2074 1848 de—

138 1871 277 1932 beat
332 1869 620 1954 judicium
684 1872 860 1954 juxta
923 1868 1207 1931 nobilium
1276 1869 1768 1932 consuetudinem
1826 1870 2077 1957 aproba-

138 1963 314 2017 tam“
342 1961 410 2033 2).
473 1955 720 2017 Literae
765 1952 877 2015 hae
930 1977 1084 2017 anno
1130 1953 1322 2016 editae
1375 1962 1540 2016 1243
1591 1955 1804 2018 Bullae
1863 1978 2078 2018 aureae

139 2038 423 2101 Andreae
476 2042 552 2100 ll.
618 2037 969 2122 synonimae
1022 2037 1282 2101 Nobiles
1346 2038 1786 2125 Scepusienses
1834 2039 2078 2125 juribus

138 2123 276 2185 istic
312 2122 507 2186 descri
551 2122 628 2184 tis
667 2123 741 2184 ab
768 2123 1008 2208 antiquo
1042 2122 1158 2184 frui
1201 2134 1523 2199 testantur,
1556 2147 1675 2187 non
1713 2125 1914 2210 itaque
1956 2137 2080 2186 tam

141 2207 255 2270 hae
309 2230 344 2269 a
391 2209 504 2270 Bul
534 2231 568 2270 a
620 2231 690 2270 ea
738 2220 1086 2270 mutuantur
1143 2207 1362 2282 robur,
1430 2230 1603 2292 quam
1663 2208 1863 2294 potius
1913 2209 2080 2294 ipsae

143 2305 415 2355 mutuant
465 2293 549 2354 illi
603 2292 810 2368 fidem,
875 2315 991 2377 qua
1039 2305 1211 2379 parte
1261 2315 1381 2355 non
1423 2314 1639 2353 novum
1686 2316 1757 2355 ea
1801 2293 2082 2355 Servien-

142 2377 305 2439 tihus
350 2378 574 2461 Regis,
622 2377 939 2462 Regnique
987 2399 1335 2439 concessum
1380 2375 1779 2462 privilegium,
1839 2376 1947 2439 sed
1983 2400 2081 2440 ve-

144 2460 479 2522 tustissima
521 2460 768 2524 Ordinis
810 2461 1110 2546 equestris
1156 2464 1300 2546 jura
1357 2461 1707 2523 confirmata
1761 2474 2080 2524 testantur.

142 2545 403 2608 Nobiles
439 2544 500 2606 hi
558 2553 725 2625 (ante
765 2546 1076 2630 vulgatum
1122 2543 1548 2631 epithetihujus
1590 2569 1764 2607 usum
1810 2546 2082 2608 Altiores

148 2631 243 2692 vel
308 2633 604 2692 Proceres
664 2629 1084 2714 Jobbagiones
1148 2630 1351 2692 Castri
1416 2629 1883 2713 Scepusiensis)
1936 2633 2083 2692 No-

144 2713 327 2776 biles
382 2714 594 2798 regni
653 2727 849 2790 erant,
905 2727 964 2777 et
1024 2713 1117 2775 his
1169 2713 1318 2800 ipsis
1370 2712 1562 2775 literis
1608 2737 1642 2774 a
1681 2714 2081 2776 Servienti-

146 2797 274 2860 bus
313 2799 537 2883 Regis
576 2810 1004 2875 secernuntur,
1047 2797 1241 2860 minus
1283 2798 1581 2860 consulto:
1628 2798 1680 2858 si
1715 2798 1901 2860 verba
1949 2822 2082 2885 spe—

148 2895 307 2945 ctes:
346 2882 439 2944 sin
478 2905 635 2960 rem,
691 2895 749 2946 et
785 2886 933 2968 jura.
973 2905 1126 2968 quae
1176 2893 1558 2959 enumerant,
1606 2882 2083 2956 consultissime3

333 3155 375 3213 1)
407 3118 593 3202 Katona
625 3153 686 3202 H.
722 3153 778 3203 C.
814 3154 871 3204 T.
905 3155 980 3205 VI.
1014 3171 1066 3220 p.
1107 3153 1202 3205 12.

330 3239 376 3297 2)
408 3236 683 3286 Libertates
714 3238 808 3287 hae
840 3254 953 3288 cum
979 3238 1174 3303 juribus
1193 3237 1439 3288 Nobilium
1471 3245 1520 3288 et
1547 3236 1908 3301 Johbagionum
1938 3238 2084 3287 castri

153 3337 242 3386 per
270 3321 550 3371 Mathaeum
581 3321 771 3371 Banum
804 3322 1055 3371 Slavoniae
1094 3329 1143 3371 et
1172 3322 1450 3371 Ladislaum
1488 3322 1564 3371 IV.
1607 3321 1762 3386 (apud
1791 3320 2085 3371 Kerchelich

154 3406 201 3454 in
232 3413 336 3455 not.
382 3405 536 3471 prael.
580 3414 629 3455 et
668 3405 724 3455 C.
759 3405 818 3455 D.
852 3407 905 3455 V.
943 3405 998 3455 2.
1039 3422 1089 3470 p.
1124 3401 1272 3467 498)
1311 3405 1569 3455 recensitis
1606 3405 1729 3454 mire
1774 3421 1918 3470 quam
1960 3421 2087 3455 con-

153 3491 396 3540 sentiunt.
